2209 3392
477 170 573 216 usian
592 170 614 213 r.
696 193 699 198 <
957 162 990 216 61

90 286 287 345 tendentibus.
308 284 366 341 Nec
386 284 416 339 in
441 282 554 340 Raeticis
582 284 672 355 copiis
692 299 774 339 mora
799 300 855 357 quo
881 284 994 342 miuus⁸

88 378 190 433 statim
211 373 435 448 adjungerentur
459 390 466 426 τ
491 387 526 428 ue
544 371 574 427 in
593 370 743 428 Britannia
756 373 886 445 quidem⁷
908 374 995 431 dubi-

87 469 193 523 tatum.

124 556 183 611 LX.
211 553 337 610 Praeerat
363 549 520 608 Trebellius
547 550 688 608 Maximus
709 568 760 625 per
789 552 938 611 avaritiam
961 572 994 613 ac

87 645 191 701 sordes
216 644 395 713 contemptus
425 638 561 697 exercitui
594 638 790 715 invisusque&
818 643 994 701 Accendebat

86 734 190 790 odium
214 729 276 804 ejus
295 730 415 787 Roscius
434 728 557 787 (lelius¹
578 730 692 802 legatus
701 730 842 788 vicesima
861 732 991 805 legionis,

87 824 159 891 olim
178 820 297 889 discors,
311 820 360 876 sed
380 819 527 877 occasione
550 818 677 875 civilium
697 835 846 876 armorum
865 821 993 878 atrocius

86 913 285 985 proruperat⁵.
310 908 467 965 Trebellius
488 907 658 965 seditionem
686 911 717 965 et
736 909 888 965 confusum
911 910 993 967 ordi-

86 1018 155 1057 nem
181 998 336 1070 disciplinae
368 996 469 1066 Caelio,
494 997 651 1070 spoliatas⁴
677 1000 706 1054 et
735 996 834 1071 inopes
864 998 991 1073 legiones

87 1089 193 1146 Caelius
213 1084 354 1143 Trebellio
377 1084 547 1159 objectabat,
568 1090 650 1142 cum⁸
670 1086 786 1143 interim
808 1087 890 1143 toedis
911 1090 992 1161 lega·

84 1180 184 1232 torum
200 1171 403 1231 certaminibus
422 1173 577 1229 modestial
591 1172 731 1231 exercitus
749 1177 884 1245 corrupta
902 1180 1009 1249 eoque'

85 1262 238 1323 discordiae
251 1266 379 1331 ventum,
401 1264 433 1318 ut
450 1260 633 1318 auxiliarium
652 1279 766 1335 quoque
780 1262 905 1321 militum
920 1282 991 1322 cou-

84 1352 167 1409 viciis
182 1350 369 1427 proturbatus
383 1353 420 1414 et,
440 1349 665 1422 aggregautibus
678 1366 710 1407 se
724 1350 811 1407 Caelio
826 1353 991 1410 cohortibus

84 1444 212 1515 alisque,
239 1440 368 1495 desertus
392 1436 550 1494 Trebellius
573 1437 608 1493 ad
635 1437 781 1496 Vitellium
806 1441 988 1514 perfugerat

84 1530 176 1598 Quies
193 1527 355 1602 provincie,
371 1542 535 1599 quanquam
548 1530 678 1585 remoto⁸
696 1530 849 1597 consulari,
864 1532 968 1589 mansit
981 1552 988 1587 ε

83 1622 202 1677 rexere⁹
225 1616 311 1689 legati
337 1614 498 1688 legionum,
524 1631 608 1688 pares
628 1614 708 1688 jure,
733 1616 837 1674 Caelius
859 1621 989 1678 audendo

82 1711 348 1867 poffltoxdjuncto
366 1791 530 1848 Britannico
548 1792 683 1859 exercitu,
697 1792 799 1865 ingens
811 1794 919 1852 viribus
931 1798 987 1869 opi·

82 1887 196 1958 busque
209 1883 341 1939 Vitellius
351 1882 424 1937 duos
436 1881 532 1949 duces,
545 1881 603 1937 duo
618 1880 721 1937 itinera
731 1882 806 1937 bello
816 1883 986 1943 destinavit:

82 1972 190 2029 Fabius
204 1972 308 2027 Valens
324 1969 448 2038 allicere,
459 1969 516 2034 vel,
533 1968 558 2025 si
574 1968 742 2039 abnuerent,
755 1974 868 2029 vastare
884 1972 988 2033 Gallias

81 2218 185 2263 oillcicllo
191 2218 279 2273 topatus
286 2214 390 2271 Aupuats'
398 2226 445 2269 pro
450 2226 510 2269 prae-

81 2288 141 2324 tore.
151 2302 179 2312 -
190 2280 274 2321 italico
289 2276 356 2332 apto,
368 2277 389 2319 la
406 2276 509 2330 premiere

82 2344 158 2395 legion
168 2340 303 2384 surnommco
313 2337 454 2392 Italica,qui,
464 2338 476 2380 a
485 2350 509 2381 cc

81 2408 187 2453 moment,
200 2403 252 2445 oluit
262 2400 381 2444 cantonnto
390 2412 416 2442 on
427 2399 506 2450 Gaura,

81 2478 134 2521 roy.
146 2466 206 2508 Dict.
218 2466 272 2506 hiet.
281 2486 309 2495 ·-
324 2463 364 2505 otu
379 2463 507 2513 Tauriana,

82 2539 147 2583 corps
160 2527 186 2570 de
198 2525 303 2571 cavalaria
327 2524 372 2566 lovi
391 2534 429 2579 par
442 2522 510 2567 stari-

81 2590 127 2631 lius
150 2589 246 2638 Taurus;
268 2598 317 2641 vop.
330 2586 390 2627 Dici.
406 2585 460 2626 bist.
481 2606 508 2615 -

80 2658 102 2695 6.
120 2651 211 2693 Retico·
229 2648 309 2701 copia,
331 2647 359 2690 cl.
374 2646 408 2689 cb.
430 2658 507 2698 uxvrrr,

82 2725 104 2756 n.
119 2717 140 2766 3,
153 2715 175 2752 et
188 2710 247 2752 Dici.
262 2710 317 2752 bist.
328 2719 407 2761 -ouo
418 2708 506 2758 ocinus,

80 2786 132 2829 roy.
145 2774 208 2816 Rern.
221 2778 266 2815 105.
277 2776 329 2814 -t.
339 2782 394 2813 m...
404 2770 506 2823 quidem,

80 2849 131 2891 roy.
144 2836 263 2878 Hormina.

107 2898 154 2941 LX.
165 2902 183 2941 l.
192 2908 267 2951 per:
272 2900 378 2949 propter,
385 2907 433 2950 roy.
441 2895 506 2937 Rem.

80 2966 122 3009 ⁶63
136 2958 315 3012 corumptum
336 2969 399 2999 cause
420 2958 446 2998 de
467 2967 506 2997 son

81 3021 182 3072 araneo,
200 3021 302 3066 invisus.
325 3019 417 3061 accuso
437 3018 462 3060 de
483 3027 506 3059 sa

80 3081 227 3125 cilenia-2.
241 3081 339 3124 Roscius
352 3080 445 3131 Cadus,
457 3090 505 3133 roy.

82 3145 141 3188 Dici.
162 3145 232 3195 distr
254 3142 269 3186 il
293 3142 381 3197 proceda
403 3140 506 3194 Agricola

565 2216 619 2258 daus
634 2215 655 2258 le
673 2222 842 2270 gourernsmont
855 2219 881 2261 de
900 2219 921 2261 la
932 2220 986 2263 Bro-

563 2278 985 2336 tague.-t.olim,dcpuislongternps3

563 2341 676 2391 atrocior,
692 2340 773 2394 poetiq.
795 2353 850 2395 pour
865 2345 987 2386 veliemen-

563 2402 623 2452 tior,
637 2407 791 2455 proruperat,
814 2415 868 2445 nous
889 2404 985 2449 disons:

563 2462 578 2505 il
594 2461 652 2504 aruit
670 2461 744 2505 celate.
757 2486 784 2494 -
800 2467 820 2505 l.
839 2466 986 2519 seditionem,

562 2521 630 2577 ssprit
645 2523 751 2566 seditieux
764 2525 893 2580 (Buruoul);
904 2529 987 2579 corisu-

561 2596 616 2626 αντη
627 2585 737 2627 ordinem
746 2586 887 2640 discipline,
904 2589 925 2632 la
937 2604 987 2634 eon-

562 2646 634 2688 lusiou
659 2647 760 2700 apportes
780 2648 835 2690 dans
859 2649 879 2692 lo
905 2652 985 2695 serviro

562 2719 656 2761 parson
679 2707 880 2765 insubordinalion3
898 2716 986 2767 spolic-

562 2775 606 2821 tos,
623 2769 638 2811 il
651 2769 732 2825 puisait
748 2783 799 2814 sans
814 2774 879 2818 doute
894 2777 948 2819 dans
964 2778 985 2821 la

562 2831 630 2873 coisse
643 2831 669 2873 de
680 2832 832 2879 Parmae-5.
845 2848 924 2880 cum...
936 2852 985 2881 cor-

560 2901 634 2947 rupta
643 2893 702 2949 (cat),
710 2907 758 2950 vop.
767 2896 831 2940 Rom.
840 2906 885 2951 ¹98,
894 2908 924 2953 2⁶,
931 2903 956 2951 B,
965 2912 983 2956 β.

561 2978 587 2986 -
601 2961 621 2999 6.
639 2957 765 3007 modoetia,
777 2957 796 2998 la
811 2959 983 3006 subordination.
1045 2977 1049 2982 ¹

560 3039 587 3049 -
598 3024 617 3061 7.
625 3017 764 3071 persuperit,
774 3019 801 3061 ci.
812 3022 847 3063 cla.
860 3034 897 3074 nv,
908 3036 929 3067 n.
936 3028 984 3067 l.-

560 3083 581 3121 t.
596 3089 732 3131 waraccam
746 3087 842 3132 remoto,
859 3095 908 3138 vop.
918 3086 982 3129 Rem.

562 3141 608 3183 197.
619 3160 647 3170 -
656 3144 676 3183 t.
687 3151 766 3182 rexere
780 3140 857 3197 (eaor).
