2209 3392
106 157 108 161 ’
142 134 179 192 90
251 148 397 193 CORNELII
419 146 521 191 ruerit
543 145 759 191 Hrsrouluuuut
780 147 874 191 LIBER
894 148 917 192 1.

141 266 233 322 talsae:
248 263 329 338 quasi
337 270 360 303 ¹³
373 264 541 321 dictatorem
553 262 696 320 Caesarem
711 267 761 320 aut
773 262 974 335 imperatorem
986 266 1043 324 Au·

140 358 259 427 gustum
280 357 532 427 prosequerentur,
547 352 589 409 ite
608 351 713 409 studiis
732 354 862 425 votisque
883 354 1043 426 certabant,

90 488 93 493 ,
143 462 191 501 nee
204 448 282 501 metu
295 447 345 501 aut
361 459 467 515 amore,
481 444 531 500 sed
545 458 578 500 ex
594 441 833 499 libidine'servitii
844 447 867 480 ¹⁴
881 465 887 499 :
901 448 934 500 ut
950 444 980 501 in
999 445 1044 502 ia-

142 533 227 589 miliis
241 537 275 602 ¹⁵,
288 532 399 606 private
416 531 519 605 cuique
533 530 691 588 stimulatio
709 536 733 571 ¹⁰
751 535 780 589 et
801 532 857 588 vile
874 531 935 605 jem
954 534 1044 591 decus

141 622 294 695 publicum.
316 621 463 678 Profectus
486 620 561 677 Otho
579 619 704 694 quietem
728 620 808 678 urhis
829 638 971 693 curasque
986 623 1041 680 im·

141 712 210 785 perii
224 718 245 750 ¹⁷
260 711 355 769 Salvio
368 712 478 768 Titiano
494 710 574 768 fratri
587 708 726 782 permisit.

142 906 172 944 1³.
188 900 264 951 quast,
280 910 329 953 roy.
341 899 405 941 Rem.
422 902 468 949 191,
485 905 517 942 2⁰.
535 920 562 928 -·
614 902 648 941 est
662 896 749 940 stimulis
763 908 801 953 pur
812 908 852 940 suu
869 909 947 953 propre
962 897 1046 941 interit

142 967 172 1005 11.
190 962 288 1004 libidine
298 961 397 1012 servitii,
407 972 446 1015 pur
458 972 499 1003 ure
513 972 561 1014 pas·
615 959 753 1014 (Leuandre).
764 980 791 989 -
799 964 831 1003 17.
842 959 965 1012 Profectus
975 960 1044 1013 Otho,

140 1023 187 1066 eiou
201 1025 303 1067 heuteuse
313 1035 367 1078 pour
377 1025 398 1066 la
410 1023 525 1066 servitude.
534 1047 561 1054 -
614 1033 637 1064 ce
648 1021 727 1077 Jourlir
739 1020 813 1073 meme,
825 1021 844 1063 le
856 1025 880 1064 11
890 1034 947 1065 mars
956 1035 961 1066 t
969 1034 1045 1067 eurus

142 1093 173 1129 15.
185 1087 292 1139 (amitte,
306 1087 334 1129 ef.
347 1099 409 1137 ιω,
419 1100 441 1129 u.
456 1092 560 1130 6.-111.
613 1084 720 1138 imperti,
736 1085 757 1126 la
772 1081 875 1127 directieu
891 1084 930 1128 des
946 1086 1045 1129 services

139 1149 233 1202 privata
242 1148 325 1203 cuique
331 1148 468 1199 stimulatio,
479 1148 560 1191 etrucuu
614 1149 640 1196 de
656 1146 759 1205 l’empire.
