2209 3392
926 118 979 175 155

117 243 236 300 LXXIV.
251 247 287 301 nt
305 241 496 318 Vespasianus
511 245 618 302 bellurn
633 260 768 318 armaque
787 249 815 303 et
828 248 925 319 procul
937 248 980 303 rel

79 333 160 406 juxta
170 331 240 389 sitas
255 333 328 390 vires
340 332 601 405 circumspectabat.
616 333 698 390 Miles
710 333 764 405 ipsi
775 335 845 391 adeo
853 337 979 406 paratus,

458 131 551 173 ursan
574 131 607 174 11.
687 114 690 118 ’
755 117 758 120 ‘

81 425 113 476 ut
134 424 309 492 praeeuntem
332 426 541 479 sacramentum
569 426 598 480 et
622 422 715 479 fausta
743 422 858 479 Vitellio
885 423 982 479 omnia

80 514 244 582 precantem
268 527 319 582 per
350 509 515 568 silentium¹
541 511 694 569 audierint.
720 511 840 569 Muciani
869 511 982 568 animus

80 616 133 657 nec
148 599 319 671 Vespasiano
335 600 445 658 alienus
463 605 492 658 et
506 601 534 655 in
549 600 646 657 Titum
659 600 790 672 pronior²
806 622 813 671 3
832 600 981 674 praefectus

80 689 197 763 AEgypti
232 688 275 745 Ti.
303 690 459 747 Alexander
493 690 612 747 consilia
643 690 833 760 sociaverat³3
866 690 981 747 tertiam

81 778 234 851 legionem,
259 780 370 851 quode
393 778 479 835 Suria
505 779 534 835 in
559 779 687 836 Moesiam
711 779 872 848 transisset,
897 796 979 837 suam

82 870 281 938 numerabat⁴3
297 872 397 925 ceterae
414 868 516 943 lllyrici
530 869 659 942 legiones
671 872 811 927 secutura
824 871 982 942 speraban-

82 960 161 1025 tur³;
180 972 303 1029 namque
327 973 426 1014 omnes
450 957 589 1015 exercitus
608 956 819 1015 flammaverat⁶
846 974 979 1031 arrogan-

81 1045 123 1102 tia
140 1045 315 1104 venientium
333 1064 350 1103 a
364 1045 477 1103 Vitellio
496 1046 630 1117 militum,
651 1048 728 1120 quod
741 1051 838 1104 truces
852 1063 979 1119 corpore,

81 1134 191 1191 horridi
212 1141 360 1192 sermone⁷
374 1138 484 1192 ceteros
503 1139 536 1192 ut
553 1135 676 1209 impares
696 1135 862 1193 irridebant.
880 1136 937 1192 Sed
952 1135 981 1191 in

81 1226 162 1280 tanta
184 1225 258 1282 mole
282 1224 348 1280 belli
376 1225 563 1297 plerumquo⁸
589 1223 752 1293 cunctatim
772 1228 800 1280 et
830 1222 982 1294 Vespasia-

82 1329 137 1370 nus
157 1312 242 1369 modo
269 1312 298 1368 in
325 1325 408 1384 spem¹
424 1318 545 1385 erectus,
563 1312 738 1386 aliquando⁹
758 1314 877 1370 adversa
893 1329 979 1386 repu-

82 1403 161 1459 tabat
172 1423 178 1457 :
190 1400 254 1474 quis
271 1400 318 1457 ille
334 1401 394 1458 dies
407 1402 584 1475 loret¹⁰‚quo
594 1400 844 1475 sexagintaaetatis
861 1407 980 1459 annos¹¹

82 1493 111 1547 et
134 1491 205 1547 duos
228 1488 302 1547 filios
318 1488 437 1563 juvenes
457 1490 531 1548 bello
552 1490 752 1563 permitteret?
779 1506 842 1547 esse
863 1489 981 1563 privatis

82 1578 301 1651 cogitationibus
326 1595 521 1652 progressum,
550 1595 612 1637 ecee
636 1595 810 1653 repressum,
833 1582 871 1646 et,
897 1584 981 1651 prout

82 1667 182 1739 velint,
211 1667 275 1738 plus
300 1668 431 1723 minusve
456 1666 531 1723 sumi
560 1684 593 1723 ex
621 1666 765 1724 fortunast
793 1686 800 1721 ι
830 1665 980 1737 imperium

83 1755 263 1828 cupientibus
278 1756 349 1812 nihil
366 1755 521 1813 medium¹⁵
534 1756 610 1812 inter
624 1771 737 1811 summa
750 1758 800 1811 aut
816 1754 979 1826 praecipitia.

118 1844 221 1901 LXXV.
250 1845 424 1903 Versabatur
447 1848 512 1901 ante
535 1844 633 1901 oculos
658 1842 816 1901 Germanici
842 1842 981 1900 exercitus

81 1932 180 2001 robur,
203 1934 303 1987 notum
323 1932 385 1988 viro
404 1930 560 1989 militari¹z
582 1948 649 1989 suas
671 1931 798 2004 legiones
812 1931 887 1989 eivili
906 1932 980 1989 bello

108 2112 207 2157 LXXIV.
220 2114 400 2166 spraeradiare,
413 2110 433 2153 le
443 2111 507 2165 gene·

81 2176 114 2219 ral
133 2187 159 2217 en
174 2172 222 2217 chel
234 2172 360 2229 prononpait
381 2172 401 2215 le
417 2172 507 2227 premier

81 2238 102 2279 la
128 2236 220 2279 formula
248 2235 276 2277 du
296 2238 390 2277 serment
414 2246 456 2289 que
476 2234 507 2277 les

80 2299 164 2341 soldats
183 2296 281 2341 deraient
299 2298 393 2351 repetem
417 2296 505 2349 sauata,

80 2360 176 2403 allusion
190 2360 202 2401 'a
215 2360 234 2401 la
246 2359 336 2401 lormnle
347 2357 408 2411 qood
419 2358 507 2400 bonum

80 2421 189 2472 [austum
197 2418 302 2471 sellaeque
320 2416 363 2467 εἰη
384 2428 428 2471 per
438 2416 507 2458 silen-

80 2483 151 2532 tium,
162 2493 209 2535 roy.
217 2480 280 2522 Rem.
292 2484 352 2522 tlt-
365 2483 385 2521 2.
394 2480 422 2521 ire
430 2478 508 2521 Titum

79 2543 190 2598 pronior,
208 2542 235 2583 el.
248 2540 282 2583 ch.
299 2552 321 2582 v.
333 2562 360 2571 —-
373 2545 395 2584 s.
408 2539 508 2583 sociam-

79 2610 121 2649 ναι
131 2606 194 2659 (oum
211 2602 399 2656 Vespaateaop.-
411 2605 507 2657 tpsuom

80 2666 229 2716 numerabat,
242 2662 382 2705 l'dvdnement
391 2662 421 2705 lui
436 2663 507 2706 donna

80 2727 167 2779 raison;
188 2726 215 2769 el.
235 2725 269 2767 ch.
283 2736 360 2767 cxxxv.
380 2747 407 2755 -
429 2730 448 2768 5.
473 2736 507 2765 se·

80 2795 171 2833 cutura
191 2788 355 2843 sperabantur,
378 2798 427 2841 roy.
443 2786 506 2829 Rem.

82 2859 163 2897 117.-
175 2856 195 2894 d.
208 2848 506 2905 flammaveroaropllem.

82 2918 129 2958 15⁶.
158 2936 185 2944 -
209 2917 229 2955 7.
261 2910 357 2953 horridi
390 2921 506 2963 sermone,

80 2974 208 3029 grossiorem
227 2972 264 3029 qui
287 2972 357 3015 deruit
377 2971 507 3025 singuli'ere-

81 3040 142 3081 rnent
157 3037 253 3090 cbcquer
268 3035 300 3077 los
315 3034 381 3077 Grecs
397 3034 508 3077 orientaux

81 3099 135 3141 dont
150 3098 232 3141 etaient
248 3095 369 3152 compostae
386 3094 470 3144 l'arme'e
480 3094 506 3143 de

560 2110 643 2153 lluoien
660 2115 682 2154 et
697 2110 750 2154 celle
771 2110 797 2153 de
813 2110 939 2165 Vespasiae.
954 2135 981 2144 -

561 2180 580 2217 8.
594 2172 653 2215 mole
665 2171 725 2223 belli,
743 2172 764 2214 le
783 2172 869 2215 lardean
883 2174 982 2215 deraserit

561 2232 586 2275 de
600 2233 620 2275 le
643 2244 720 2287 guerre
739 2231 816 2284 civile;
835 2232 980 2287 plerumque,

560 2294 587 2336 cl.
600 2294 634 2336 cb.
644 2305 719 2344 uxrn,
730 2306 752 2335 n.
763 2297 822 2336 3.-
838 2300 858 2337 9.
870 2298 897 2346 et,
909 2300 931 2337 et
945 2307 982 2349 par

560 2357 699 2410 consequent,
706 2355 772 2406 aussi,
783 2354 810 2397 cl.
820 2356 837 2406 1,
847 2367 904 2407 mr,
911 2368 932 2398 n.
942 2359 981 2407 123

559 2417 654 2459 modo...
679 2415 821 2468 aliquando,
848 2428 896 2470 roy.
917 2417 980 2459 Rem.

562 2484 606 2522 loo.
626 2500 652 2509 —
670 2484 702 2521 to.
730 2477 824 2527 foret...
851 2487 898 2529 roy.
916 2477 980 2519 Rem.

562 2545 607 2591 llo,
618 2545 646 2582 5⁸.
658 2562 684 2570 -
695 2545 727 2581 11.
738 2539 887 2593 acceptata...
896 2551 980 2591 annos,

561 2604 575 2645 il
584 2602 637 2644 c'tait
646 2602 672 2644 nt
684 2602 704 2643 le
717 2606 741 2644 17
754 2600 867 2643 novembre
878 2602 904 2644 de
915 2600 957 2643 l'an
969 2608 982 2647 9

560 2666 621 2717 apres
641 2660 699 2705 J.-G.
717 2684 745 2693 —-
758 2669 789 2705 12.
807 2662 863 2715 plue
876 2664 982 2706 minusve

559 2727 624 2768 sumi
636 2737 665 2767 eae
677 2725 784 2775 fortune,
797 2736 825 2766 on
837 2729 888 2779 peut
898 2725 982 2781 risquer

559 2798 588 2828 un
605 2786 667 2841 enjeu
686 2785 735 2839 plus
751 2796 779 2827 on
798 2785 869 2829 moins
883 2786 926 2829 fort
945 2798 983 2829 sur·

559 2847 590 2889 les
602 2858 669 2901 eoups
684 2846 711 2888 de
731 2846 751 2887 la
767 2845 852 2890 fortune
869 2848 982 2899 illeraeus).

553 2932 586 2947 r--
604 2912 635 2951 13.
649 2908 713 2951 nibil
729 2908 841 2961 mediam,
858 2920 939 2952 comme
955 2919 982 2949 en

559 2968 660 3024 franceis,
668 2981 714 3023 pas
726 2970 753 3010 de
764 2971 855 3013 mitieu.

586 3030 673 3073 LXXV.
688 3040 706 3074 r.
721 3035 812 3085 notum,
827 3032 842 3075 il
855 3034 920 3084 avait,
931 3041 983 3074 sous

560 3090 650 3146 Claude,
667 3092 791 3136 commeandi
811 3105 852 3141 uuo
869 3094 942 3150 legion
956 3101 983 3136 eu
