2209 3392
144 134 183 191 44
334 94 481 193 conuentu
503 146 608 191 uncum
629 146 843 191 ursronranuu
911 206 915 210 ,

144 260 358 335 proclamaverit
370 278 427 318 non
440 278 501 319 esso
515 263 549 319 ab
563 263 674 320 Othone
684 264 870 319 mandatum¹
881 266 915 319 ut
928 263 1035 321 occide-

67 366 73 387 ³
144 356 231 409 retur.
247 350 329 418 Quod
341 368 390 408 seu
405 352 485 408 finxit
496 351 648 409 tormidine
662 368 713 409 seu
725 352 927 409 conscientiam
940 354 1035 427 conju-

143 440 261 497 rationis
283 441 431 497 contessus
454 445 507 512 est,
535 442 590 498 huc
616 440 711 515 potius
738 440 799 515 ejus
826 441 885 499 vita
909 442 1035 516 famaque

9 530 17 541 '
50 588 53 601 ,
144 529 287 594 inclinat⁵‚
310 532 341 585 ut
359 529 487 587 conscius
513 530 627 587 sceleris
646 530 733 587 tuerit
746 529 827 602 cujus
842 546 928 586 causa
949 534 1032 587 eran.

25 678 26 683 η
53 628 55 635 ‘
130 620 214 675 ‘Ante
240 618 328 675 aedem
356 617 412 675 divi
432 618 501 674 Julii
530 618 620 692 jacuit
639 619 730 692 primo
748 618 805 676 ictu
836 618 864 674 in
891 617 1034 692 poplitem,

71 774 72 779 ἵ
143 724 208 763 mox
222 707 257 763 ab
269 706 346 763 lulio
364 706 436 763 Caro
449 706 606 780 legionario
625 707 715 764 milite
738 706 767 762 in
790 710 945 779 utrumque
964 707 1035 763 latus

144 796 423 852 transverberatust.

177 883 272 941 XLlll.
294 883 440 957 Insignem
454 884 503 941 illa
516 884 561 942 die
575 885 669 941 virum
680 884 881 957 Sempronium
895 886 1035 941 Densum¹

143 978 211 1031 netas
236 977 335 1031 nostra
365 974 443 1030 vidit.
471 973 606 1031 Centurio
636 973 661 1030 is
689 974 829 1048 praetoriae
857 973 997 1040 cohortis,
1021 992 1037 1030 a

144 1064 232 1119 Galba
245 1062 395 1121 custodiae¹
413 1062 526 1120 Pisonis
543 1063 667 1133 additus,
680 1062 779 1120 stricto
796 1061 922 1137 pugione
940 1079 1036 1120 occur·

142 1168 208 1208 rens
224 1152 342 1209 armatis
354 1154 383 1207 et
396 1152 489 1208 scelus
501 1151 675 1223 exprobrans
698 1167 730 1207 ac
751 1153 836 1207 modo
848 1167 935 1207 mauu
953 1152 1037 1208 modo

142 1256 209 1295 voce
231 1238 367 1295 vertendo
394 1238 423 1293 in
449 1255 479 1295 se
505 1254 687 1310 percussores
706 1255 869 1311 quanquam
889 1239 1037 1295 vulnerato

144 1326 240 1384 Pisoni
260 1325 419 1399 effugium⁸
439 1326 528 1384 dedit.
556 1326 621 1383 Piso
640 1325 669 1381 in
688 1327 778 1383 aedem
791 1326 883 1383 Vestae
901 1327 1036 1400 pervasit,

143 1419 330 1487 exceptusque
353 1413 546 1471 misericordia
566 1414 671 1486 publici
692 1414 766 1471 servi
787 1419 816 1472 et
835 1412 1039 1472 coutubernio⁴

143 1504 205 1575 ejus
226 1503 338 1560 abditus
356 1520 413 1559 non
430 1502 568 1576 religione
589 1519 641 1561 nec
663 1503 854 1561 cerimoniis⁸
866 1506 916 1561 sed
929 1504 1039 1561 latebra

143 1591 295 1650 imminens
304 1591 420 1650 exitium
435 1582 592 1661 differebat,
613 1608 678 1648 cum
693 1594 830 1649 advenere
845 1592 936 1650 missu
951 1593 1040 1650 Otho-

143 1680 187 1737 nis
205 1679 374 1736 nominatim
387 1680 415 1735 in
430 1680 534 1736 caedem
547 1680 610 1752 ejus
622 1679 766 1736 ardentis⁰
781 1679 922 1753 Sulpicius
937 1679 1039 1737 Florus

143 1786 157 1823 e
168 1768 338 1824 Britannicis
350 1768 531 1825 cohortibus'
544 1783 635 1840 nuper
648 1784 668 1822 a
683 1767 771 1822 Galba
780 1766 893 1824 civitate
903 1768 1037 1834 donatus,

143 1862 171 1913 et
185 1856 293 1914 Statius
312 1858 427 1913 Murcus
444 1856 614 1928 speculator,
635 1873 652 1912 a
670 1855 774 1928 qulbus
787 1859 950 1928 protractus
972 1856 1039 1913 Piso

142 1946 171 2001 in
184 1946 292 2001 toribus
306 1945 404 2016 templi
419 1944 585 2001 trucidatur.
928 2020 932 2026 .

177 2028 270 2083 XLIV.
286 2027 401 2084 Nullam
419 2029 523 2083 caedem
543 2026 618 2085 Otho
638 2028 746 2102 majore
767 2028 864 2085 laetitia
885 2030 1040 2101 excepisse,

144 2118 253 2174 nullum
273 2119 357 2188 caput
377 2120 435 2172 tam
458 2114 666 2173 insatiabilibus
680 2115 769 2174 oculis
787 2116 978 2189 perlustrasse
999 2118 1040 2173 di·

61 2228 62 2231 *
143 2206 225 2275 citur,
245 2221 295 2261 seu
315 2208 376 2259 turn
398 2203 522 2275 primum
541 2204 634 2260 levata
653 2204 730 2261 omni
750 2204 940 2261 sollicitudine
957 2221 1042 2261 mens

141 2399 169 2409 -
184 2382 204 2418 2.
218 2387 267 2417 non
279 2385 327 2417 csse
339 2374 367 2417 nb
379 2374 405 2418 0.
414 2374 562 2425 mandalum,
616 2372 643 2415 ct.
652 2373 847 2425 Plut.,Galba,2o.
855 2381 909 2417 -2.
919 2374 1041 2426 custodiar,

143 2448 204 2491 parce
213 2434 265 2491 qu’il
278 2435 331 2478 e'tait
343 2447 383 2478 son
393 2434 443 2479 ami.
453 2456 481 2467 -
493 2440 512 2478 s.
522 2435 564 2475 in-
616 2445 671 2489 ponr
689 2434 858 2491 l’accompagner
874 2446 901 2477 au
921 2434 982 2489 camp
1004 2436 1043 2479 des

142 2500 340 2553 crinon-porte»
355 2496 562 2547 seruire-bnt,
616 2496 741 2552 prttoricus.
758 2520 786 2529 —
800 2502 819 2540 3.
834 2509 972 2551 qnnnqscom
988 2498 1044 2540 cul-
1098 2511 1099 2546 ,

142 2562 216 2603 aniene
228 2571 266 2613 par
283 2557 471 2613 buc.n1arqueln
490 2558 564 2600 conse
615 2564 705 2611 moto,
715 2571 762 2614 roy.
777 2560 841 2602 lim.
857 2566 910 2611 ἰοῖς
923 2559 1044 2614 effugium
1098 2573 1099 2612 ,

143 2633 234 2676 quence;
248 2634 321 2664 causa
336 2628 394 2672 arnt,
409 2632 447 2676 pur
460 2620 481 2662 lu
500 2619 563 2662 haine
616 2621 1042 2677 :effugiendipotcstntemtllerousb
1098 2675 1100 2680 Ι

143 2697 183 2738 que
203 2695 242 2726 son
256 2684 425 2726 administration
440 2682 498 2726 avait
511 2693 564 2725 sou-
615 2684 839 2737 -epueticicmi,
849 2684 1043 2739 reposcentem

142 2745 201 2787 lente
226 2750 299 2787 contre
320 2744 395 2788 Galba.
417 2766 441 2777 -
463 2750 482 2787 t.
510 2749 564 2786 onte
616 2746 775 2798 contubernio,
791 2758 815 2788 sa
829 2745 887 2800 loge.
906 2768 933 2777 -
950 2751 970 2788 5.
992 2758 1045 2787 non

142 2808 214 2848 aedem
226 2807 415 2861 (lietduinum.
429 2807 564 2860 Dict.ba'st.;
615 2808 730 2862 religione
753 2821 797 2851 nec
817 2808 982 2861 cerimoniis,
1004 2820 1045 2861 par

142 2870 198 2919 ictu,
218 2880 244 2910 au
263 2866 306 2910 lieu
328 2867 356 2910 du
374 2872 429 2923 part.
446 2868 515 2919 totns,
530 2880 564 2910 re·
616 2869 637 2911 la
653 2868 743 2912 saintett
758 2871 787 2913 du
803 2870 861 2912 culte
874 2871 942 2924 qn’ou
956 2882 970 2925 y
985 2870 1046 2913 etle-

143 2930 233 2973 cbercbe
250 2930 275 2971 de
291 2930 312 2971 la
322 2928 416 2980 varicum
433 2942 481 2984 roy.
500 2930 562 2973 Rem.
617 2931 680 2984 brait,
690 2943 738 2986 roy.
751 2932 814 2974 Rem.
826 2937 874 2974 200.
883 2955 908 2963 —
921 2936 942 2975 t.
955 2932 1046 2974 orders·

143 2996 194 3042 206,
216 2997 254 3043 9·;
280 2992 494 3044 transverberatus,
514 3004 563 3045 roy.
616 2991 778 3044 tis.cl.Plut.,
794 2991 875 3043 natea,
895 2998 929 3035 27.
946 3014 976 3025 -
992 2998 1014 3036 7.
1035 3003 1047 3033 e

143 3056 205 3097 Rem.
218 3058 266 3103 t,c.
617 3053 764 3096 Britannicis
807 3054 955 3108 cohortibus,
993 3065 1046 3103 rou.

169 3113 241 3157 XLlll.
251 3121 269 3158 l.
279 3115 447 3170 Sempronium
452 3114 563 3168 Densum,
617 3115 676 3158 niet.
690 3116 745 3158 bist.
