2209 3392
47 1076 48 1083 κ
135 1040 276 1097 destinare
294 1039 343 1095 irae
359 1041 499 1111 poterant,
520 1037 663 1095 licentiam
679 1036 708 1091 in
723 1052 822 1093 omnes
837 1038 1035 1107 poscentibus,

459 39 462 45 .
516 36 525 65 ,
660 60 662 74 Ι

134 114 172 169 80
327 123 476 170 conunnn
497 119 603 168 rhcrrr
625 120 840 169 nrsronranuu
885 160 891 166 .

134 241 245 309 itinera,
274 238 352 297 rari⁸
376 240 487 308 domos,
515 238 631 311 plurimi
663 238 820 295 amicorum
845 240 921 295 tecta
944 243 973 297 et
999 241 1033 295 ut

135 329 236 401 cuique
259 328 437 384 humillimus
463 328 560 394 cliens,
588 327 732 383 incertas⁹
753 326 876 382 latebras
897 327 1033 397 petivere.

170 417 300 474 LXXXII.
322 416 444 473 Militum
463 417 587 489 impetus
610 433 645 473 ne
666 416 776 472 loribus
800 413 916 486 quidem
942 416 1034 472 Palati

135 506 281 572 coercitus,
297 522 354 577 quo
367 505 483 561 minus¹
499 504 660 561 convivium
682 504 884 575 irrumperent,
899 505 1010 559 ostendi
1023 512 1035 542 ²

134 595 188 651 sibi
211 593 351 651 Othonem
377 596 606 666 expostulantes,
631 593 781 648 vulnerato
803 591 881 647 lulio
904 592 1036 648 Martiale

135 686 249 741 tribuno
269 688 297 740 et
318 684 431 741 Vitellio
457 684 614 741 Saturnino
630 683 763 755 praelecto
791 681 944 753 legionis⁸,
966 682 1036 737 dum

135 773 286 829 ruentibus
306 772 457 829 obsistunt.
482 770 614 842 Undique
634 787 714 826 arma
731 773 759 826 et
778 769 874 839 minae,
896 771 984 825 modo
1006 770 1037 825 in

134 862 315 918 centuriones
336 862 534 933 tribunosque,
556 859 641 915 modo
662 859 692 914 in
711 863 843 916 senatum
856 858 1036 928 universum,

135 951 287 1024 lymphatis
302 967 374 1008 caeco
389 966 493 1022 pavore
508 949 622 1017 animis,
637 952 666 1005 et
680 948 747 1022 quia
761 947 905 1005 neminem
927 952 1037 1005 unum‘

135 1132 223 1186 donec
238 1128 311 1185 Otho
326 1132 426 1184 contra
439 1129 526 1184 decus
539 1126 651 1199 imperii
669 1128 734 1182 toro
750 1123 886 1182 insistens
901 1127 1036 1197 precibus

135 1222 162 1273 et
176 1216 300 1273 lacrimis
320 1231 396 1288 aegre
416 1215 550 1281 cohibuit,
571 1213 775 1285 redieruntque
789 1212 818 1268 in
834 1216 929 1269 castra
952 1213 1038 1269 inriti

135 1322 225 1377 neque
247 1306 420 1361 innocentes.
440 1305 558 1360 Postera
577 1303 622 1359 die
643 1304 721 1359 velut
735 1304 818 1373 capta
840 1303 910 1358 urbe
932 1303 1038 1358 clausae

135 1396 264 1459 domust,
286 1409 369 1449 rarus
388 1409 438 1464 per
454 1393 514 1449 vias
536 1392 667 1465 populus,
690 1394 789 1446 maesta
812 1390 909 1461 plebs;
934 1389 1037 1462 dejecti

136 1482 163 1535 in
181 1485 287 1537 terram
302 1480 427 1537 militum
443 1482 540 1537 vultus
552 1496 585 1537 ac
599 1480 663 1551 plus
678 1477 823 1534 tristitiael
841 1494 929 1549 quam
944 1478 1039 1549 paeni-

136 1570 241 1625 tentiae.
266 1569 463 1641 Manipulatim
478 1567 593 1625 allocuti
618 1571 687 1623 sunt
711 1565 835 1621 Licinius
854 1565 998 1623 Proculus
1009 1570 1039 1623 et

137 1658 246 1714 Plotius
266 1657 377 1713 Firmus
397 1656 532 1728 praelecti,
553 1672 587 1711 ex
603 1672 655 1712 suo
669 1654 790 1727 quisque
805 1652 920 1727 ingenio
936 1653 1038 1716 mitius

136 1752 204 1803 aut⁷
224 1746 380 1803 horridius.
400 1745 478 1803 Finis
497 1744 638 1802 sermonis
660 1743 688 1799 in
709 1760 759 1814 eo,
783 1746 815 1799 ut
834 1741 922 1813 quina
946 1742 1039 1797 millia

136 1841 305 1892 nummum⁸
320 1826 441 1908 singulis
454 1834 593 1891 militibus
608 1836 848 1890 numerarentur:
862 1834 948 1886 tum⁹
961 1830 1038 1888 Otho

136 1925 245 1997 ingredi
259 1928 352 1981 castra
365 1941 462 1981 ausus.
476 1927 570 1997 Atque
580 1925 660 1998 illum
675 1922 784 1979 tribuni
797 1921 1039 1994 centurionesque

136 2012 358 2082 circumsistunt,
385 2012 502 2085 abjectis
530 2013 639 2069 militiae
672 2010 834 2084 insignibus
857 2008 987 2065 otium¹⁰
1010 2014 1039 2065 et

136 2102 255 2157 sulutem
281 2100 451 2174 flagitantes.
482 2100 575 2157 Sensit
602 2099 737 2157 invidiam
768 2099 849 2155 miles
868 2102 898 2155 et
919 2114 1036 2169 compo·

120 2192 207 2265 *situs
232 2189 263 2246 in
280 2190 450 2263 obsequium
472 2194 604 2247 auctores
627 2188 775 2245 seditionis
802 2190 837 2244 ad
863 2187 1038 2258 supplicium

112 2274 124 2287 ²
137 2280 212 2336 ultro
220 2284 241 2317 ¹¹
258 2280 429 2350 postulabat.
593 2273 595 2276 ’

135 2420 246 2473 oppose'es.
258 2443 285 2451 —
299 2425 319 2462 8.
332 2420 386 2462 rori
398 2435 423 2455 =
433 2418 557 2472 perpauci,
611 2420 712 2460 -aout
720 2416 963 2470 :ottcr...alter,roy.
972 2418 1038 2460 Rem.

135 2482 557 2537 s'opposesplendent-niocetae,
613 2484 735 2527 182,2·.-
751 2482 770 2519 8.
786 2478 861 2529 quino
873 2477 1040 2521 milliacum·
1096 2491 1098 2536 ξ

136 2556 185 2586 sens
197 2545 272 2598 pessit,
283 2544 389 2597 ignordes.
610 2552 684 2591 mum,
704 2540 762 2593 (roy.
786 2540 848 2581 Rern.
876 2543 897 2590 t,
924 2540 958 2593 a.)
988 2541 1039 2595 cinq

162 2604 267 2647 LXXXll.
281 2611 300 2647 1.
313 2606 427 2647 coercitus
436 2604 499 2659 (est);
512 2615 558 2656 quo
612 2602 671 2643 millo
691 2605 802 2651 sesterces,
820 2601 898 2643 c.-h-d.
916 2600 978 2642 mille
993 2602 1040 2643 ein-

135 2669 224 2717 mtnus,
237 2667 559 2719 voy.llem.1oh.-2.osten-
612 2667 691 2717 quante
707 2663 779 2705 francs
793 2674 831 2716 par
847 2662 898 2704 tete.
911 2684 939 2693 -
951 2668 971 2705 9.
988 2669 1040 2705 tum

136 2729 169 2777 di,
184 2739 231 2781 roy.
243 2728 304 2769 nem.
321 2733 367 2769 115.
380 2749 407 2758 —
423 2732 443 2769 3.
453 2728 557 2777 tribuno,
612 2737 624 2766 a
641 2724 668 2766 ici
686 2725 706 2766 le
721 2725 789 2767 meme
806 2735 857 2766 sens
876 2736 918 2777 quo
937 2730 990 2766 tum
1003 2727 1041 2767 de-

137 2787 207 2828 tribun
226 2786 288 2828 d'une
305 2785 392 2827 cohorte
407 2785 558 2838 pretorianne3
611 2798 685 2829 mum.
702 2810 729 2818 -
751 2794 782 2828 lo.
806 2787 899 2830 militie
919 2786 1039 2842 tomenta,

135 2848 242 2899 prefecto
257 2846 356 2901 leptonts
368 2846 496 2899 (classicae),
509 2858 558 2899 roy.
612 2862 660 2902 roy.
680 2850 738 2891 Dice.
757 2848 812 2891 hist.
833 2872 860 2880 -
885 2847 970 2899 otium,
992 2849 1041 2891 leur

136 2910 193 2951 Dtct.
206 2909 260 2951 hist.
272 2932 299 2939 -
313 2914 332 2951 l.
344 2910 462 2949 nemiuem
473 2920 558 2960 unum,
612 2912 687 2965 conge.
705 2934 732 2941 —
749 2916 782 2952 ll.
796 2911 923 2963 invidiam,
946 2909 1040 2953 l'odieux

137 2983 242 3025 personne
251 2983 276 3013 en
287 2969 420 3025 particulier.
433 2993 459 3000 -
468 2976 486 3012 5.
496 2971 560 3014 clou-
613 2974 638 3014 de
661 2984 684 3013 sa
702 2971 802 3013 conduite
820 2970 947 3026 (Gantrelle)
977 2983 1041 3013 com·

136 3032 558 3089 saeqsuntldomuo;roy.ch.navant.
605 3034 703 3087 ,positus
730 3033 757 3074 in
783 3034 928 3085 obsequium,
952 3030 1041 3086 dispone
1096 3037 1098 3072 ἱ

136 3117 162 3126 -
190 3100 209 3137 6.
230 3095 335 3147 tristitia,
358 3095 558 3137 mecontentement.
613 3094 697 3136 hobeir
721 3094 971 3147 uttro;cl.cb.vu.n.
986 3098 1008 3138 h.
1096 3111 1098 3152 ᾗ
