2209 3392
893 134 1081 182 Lmen
1115 117 1169 184 ἰ.
1515 156 1520 160 κ
1853 127 1925 207 77

113 256 352 327 repente
390 253 617 311 invasit.
662 253 864 325 Apud⁸
906 253 1191 311 Romanos
1241 254 1433 313 omnia
1478 255 1674 327 proelio
1724 260 1855 329 apta
1901 269 1917 317 .’

117 344 401 399 Sarmatae
427 341 669 415 dispersi
700 342 964 415 cupidine
1010 344 1213 415 praedae
1240 348 1338 401 aut
1367 362 1571 418 graves
1601 361 1771 403 onere
1799 363 1931 403 sar-

114 436 379 490 cinarum
424 436 483 489 et
519 431 737 489 lubrico
783 430 1089 488 itinerum*
1136 434 1398 507 adempta
1426 451 1699 508 equorum
1732 436 1927 508 perni-

681 2367 795 2409 Ροιιι
814 2372 856 2409 et
877 2369 1071 2423 aquedue
1100 2368 1152 2411 de
1179 2369 1356 2410 Merida.

114 2524 281 2579 citate
310 2525 464 2581 velut
490 2525 663 2582 vincti
703 2527 1082 2583 caedebantur.
1119 2528 1378 2600 Namque
1409 2525 1620 2582 mirum
1650 2525 1823 2596 dictu,
1855 2530 1919 2583 ut

114 2613 189 2668 sit
229 2614 416 2670 omnis
462 2615 853 2673 Sarmatarum
905 2617 1089 2673 virtus
1136 2617 1293 2674 velut
1331 2620 1489 2673 extra
1526 2616 1699 2688 ipsos.
1760 2616 1914 2672 Nihil
1971 2676 1974 2678 ‚

114 2704 224 2757 ad¹⁵
264 2704 582 2775 pedestrem
625 2721 877 2777 pugnam
913 2710 1031 2763 tam
1070 2706 1383 2779 ignavum3
1426 2705 1519 2761 ubi
1566 2722 1666 2778 per
1696 2708 1917 2761 turmas

112 2790 411 2859 advenere,
441 2792 530 2849 vix
561 2793 678 2849 ulla
707 2793 854 2849 acies
892 2795 1179 2852 obstiterit
1198 2801 1240 2851 ⁶.
1273 2796 1385 2852 Sed
1412 2799 1533 2851 tum
1565 2795 1796 2851 humido
1826 2796 1917 2851 die

112 2883 169 2935 et
193 2881 381 2936 soluto
407 2882 539 2953 gelu
568 2898 752 2954 neque
781 2884 934 2939 conti
975 2900 1162 2957 neque
1188 2885 1385 2957 gladii,
1420 2900 1563 2957 quos
1594 2886 1915 2957 praelongos

114 3058 238 3099 Rem.
277 3064 342 3101 35.
371 3082 426 3090 —
450 3064 488 3102 3.
520 3061 664 3113 apud,
699 3073 794 3116 voy.
832 3061 960 3106 Rem.
1070 3062 1199 3104 Rem.
1220 3068 1272 3104 22
1288 3067 1331 3104 et
1354 3068 1444 3106 145.
1460 3069 1562 3106 —5.
1580 3065 1657 3114 ad,
1675 3075 1774 3116 νος.
1790 3065 1919 3106 Rem.

113 3121 233 3171 emb.
254 3143 307 3151 —-
329 3127 370 3166 4.
396 3122 577 3165 lubrico
596 3123 840 3176 itinerum,
861 3135 960 3179 voy.
1073 3128 1251 3169 53.—6.
1275 3126 1516 3176 obstiterit,
1544 3137 1641 3180 voy.
1674 3127 1799 3168 Rem.
1825 3130 1922 3168 101.
