2209 3392
931 158 1119 203 LreER
1160 158 1203 200 1.
1893 144 1960 199 41

173 276 376 333 milites
416 274 696 344 Romani,
754 274 918 349 quasi
974 274 1323 348 Vologesum
1363 278 1462 331 aut
1514 274 1791 330 Pacorum
1823 272 1966 330 avito

173 366 566 422 Arsacidarum
601 364 744 421 solio
769 364 1095 437 depulsuri⁸
1123 381 1187 420 ac
1220 379 1335 419 non
1366 363 1767 435 imperatorem
1800 379 1967 418 suum

173 457 444 510 inermem
476 457 534 509 et
565 470 758 510 senem
795 454 1083 510 trucidare

173 546 512 616 pergerent,
582 542 820 615 disjecta
891 544 1080 615 plebe,

174 628 536 700 proculcato⁹
591 630 829 697 senatu,
893 630 1084 683 truces

176 716 378 787 armiS,
437 716 620 787 rapidi
673 716 836 789 equis
895 717 1082 773 forum

176 805 578 877 irrumpuntw.
611 804 727 861 Nec
753 806 882 862 illos
911 806 1084 879 Capi—

177 894 294 949 tolii
341 898 605 966 aspectus
669 899 726 950 et
780 894 1086 952 imminen-

180 983 319 1039 tium
354 984 698 1055 templorum
713 989 756 1021 ¹¹
789 984 992 1056 religio
1029 987 1086 1040 et

180 1072 398 1145 priores
454 1075 512 1129 et
571 1072 747 1128 futuri
801 1072 1084 1145 principes

177 1165 428 1218 terruere
463 1178 577 1233 quo
613 1160 803 1217 minus
833 1162 1085 1217 facerent

177 1250 390 1321 sceluS‚
419 1249 584 1323 cujus
622 1250 777 1306 ultor
806 1254 895 1306 est
929 1250 1081 1322 quis-

178 1339 307 1411 quis
346 1339 635 1396 successit.

244 1426 384 1484 XLI.
425 1427 561 1484 Viso
615 1427 935 1484 comminus
975 1432 1331 1486 armatorum
1372 1430 1600 1503 agmine
1648 1429 1972 1486 vexillarius

173 1518 453 1574 comitatae
499 1516 735 1572 Galbam
777 1516 1029 1573 cohortis
1074 1518 1327 1591 (Atilium
1367 1519 1753 1593 Vergilionem
1799 1519 1973 1575 fuisse

173 1606 428 1677 tradunt)
472 1605 764 1677 dereptam
805 1604 994 1661 Galbae
1036 1606 1383 1680 imaginem¹
1426 1610 1547 1665 solo
1597 1608 1795 1663 afflixit
1838 1628 1850 1662 :
1903 1624 1970 1663 eo

173 1696 342 1769 signo
385 1694 690 1750 manifesta
735 1693 793 1749 in
830 1694 1114 1750 Othonem
1160 1696 1415 1753 omnium
1468 1698 1716 1753 militum
1761 1696 1969 1765 studia,

174 1784 466 1840 desertum
511 1782 648 1853 fuga
693 1782 887 1853 populi
931 1782 1139 1854 sorum,
1188 1784 1456 1841 destricta
1495 1785 1768 1841 adversus
1806 1785 1962 1840 dubi2

169 1875 360 1928 tantes
386 1870 499 1927 tela
513 1874 554 1926 2.
584 1870 756 1926 Juxta
787 1869 968 1926 Curtii
1000 1872 1220 1927 lacum³
1258 1873 1636 1946 trepidatione
1670 1873 1975 1930 ferentium

170 1959 351 2016 Galba
402 1958 686 2031 projectus
730 1975 761 2014 e
812 1958 954 2015 sella
996 1976 1060 2016 ac
1103 1963 1441 2033 provolutus
1493 1966 1600 2020 est.
1652 1962 1975 2019 Extremam

166 2048 292 2122 ejus
336 2064 552 2119 vocem,
600 2051 663 2103 ut
700 2047 901 2121 cuique
935 2048 1129 2105 odium
1177 2055 1277 2108 aut
1320 2052 1621 2110 admiratio
1657 2052 1783 2117 suit,
1823 2052 1976 2108 varie

167 2139 518 2211 prodidere:
554 2138 650 2194 alii
684 2138 1015 2210 suppliciter
1058 2140 1445 2215 interrogasse
1495 2144 1632 2217 quid
1676 2142 1812 2199 mali
1857 2159 1975 2197 me-

165 2228 405 2297 ruisset,
453 2230 511 2283 et
561 2242 772 2298 paucos
826 2226 948 2283 dies
1002 2230 1341 2287 exsolvendo
1391 2232 1658 2288 donativo
1710 2232 1976 2302 depreca-

164 2321 362 2385 tum⁴3
404 2316 599 2387 plures
647 2314 922 2371 obtulisse
966 2315 1155 2373 ultro⁸
1195 2320 1629 2390 percussoribus
1662 2319 1973 2392 jugulum:

1356 1304 1417 1346 Le
1446 1304 1511 1346 roi
1539 1303 1736 1347 Pacorus.

163 2523 268 2578 plus
287 2520 461 2565 odieuse
491 2522 532 2563 la
556 2521 756 2564 conduite
781 2522 855 2565 des
877 2524 1016 2578 preto-
1124 2524 1229 2567 celle
1256 2525 1331 2580 qui
1361 2524 1464 2567 etait
1492 2524 1544 2567 de
1567 2523 1727 2567 service
1757 2536 1810 2566 au
1840 2524 1976 2579 palais

163 2586 358 2627 riens.—
373 2590 412 2627 8.
429 2585 692 2638 depulsuri,
708 2584 848 2639 suppl.
867 2589 1017 2627 essent
1125 2590 1167 2627 et
1194 2586 1267 2641 qui
1292 2586 1407 2629 avait
1434 2584 1546 2628 suivi
1567 2586 1705 2629 Galba
1730 2598 1782 2628 au
1814 2586 1974 2636 forum;

162 2648 298 2702 qu’on
320 2647 400 2689 tire
420 2647 471 2689 de
494 2652 755 2701 perperene.
773 2670 826 2677 —
845 2652 883 2689 9.
907 2658 1018 2700 pro-
1124 2645 1328 2686 Alilium
1374 2644 1702 2700 Verqitionem,
1740 2645 1797 2688 cf.
1842 2646 1975 2695 plut„

160 2709 368 2760 calcato,
401 2719 499 2762 voy.
537 2710 663 2751 Rem.
715 2714 752 2759 1,
786 2720 824 2751 c.
863 2730 915 2738 -
952 2715 1015 2750 1ο.
1130 2706 1291 2759 Galba,
1320 2713 1396 2757 263
1439 2706 1591 2748 Galbae
1631 2707 1906 2761 imaqz’nem,
1938 2707 1976 2747 le

158 2773 328 2823 forum
353 2772 648 2824 irrumpunt,
681 2782 778 2827 voy.
809 2772 933 2813 Rem.
953 2776 1016 2813 17.
1129 2768 1357 2811 medaillon
1380 2769 1431 2811 de
1454 2768 1590 2812 Galba
1615 2769 1783 2811 attach&
1810 2769 1977 2810 au-des-

158 2857 214 2865 —
250 2840 318 2877 11.
351 2833 708 2875 imminentium
741 2834 879 2888 (soro)
903 2838 1017 2875 tem-
1127 2842 1229 2873 sous
1248 2830 1356 2873 dela
1377 2843 1593 2874 couronne
1620 2830 1697 2886 qui
1721 2829 1977 2872 surmontait

154 2896 386 2949 plorum,
436 2896 500 2937 les
543 2896 723 2949 temples
769 2896 845 2937 des
893 2895 1020 2937 dieux
1129 2891 1170 2934 la
1192 2893 1599 2947 hampe.—2.tela‚
1620 2904 1715 2946 voy.
1736 2894 1862 2934 Rem.
1882 2896 1975 2941 203,

158 2962 438 3013 protecteurs
461 2958 514 3000 de
538 2958 672 2999 Rome
695 2962 738 2999 et
767 2956 950 2999 temoins
969 2957 1019 2999 de
1128 2957 1188 2996 [ι’.
1215 2976 1270 2985 --
1294 2959 1331 2997 3.
1366 2955 1523 2996 Curtii
1542 2954 1715 3004 lacum,
1743 2966 1822 3008 voy
1857 2954 1974 2995 Dict.

157 3032 208 3061 sa
231 3019 455 3071 grandeur
1131 3016 1238 3057 hist.
1266 3038 1318 3046 —
1349 3021 1389 3059 4.
1423 3015 1703 3057 exsolvendo
1739 3015 1976 3063 donativo,

215 3080 337 3122 XLI.
360 3086 396 3123 1.
428 3080 734 3133 Veoeillarius,
757 3081 1021 3135 porte-eten-
1130 3090 1227 3127 vov.
1252 3079 1378 3120 Rem.
1406 3082 1453 3120 37
1472 3082 1515 3119 et
1538 3084 1637 3126 157;
1662 3078 1979 3129 deprecatum,

158 3141 294 3193 dard,
337 3153 436 3197 voy.
463 3143 585 3186 Dice.
615 3144 754 3195 hiet.;
798 3143 1019 3192 cohortis,
1131 3141 1229 3195 plus
1254 3140 1339 3182 fort
1357 3152 1440 3195 que
1452 3144 1713 3192 precatum.
1730 3159 1784 3170 -·
1804 3146 1843 3181 5.
1866 3135 1982 3188 ptu-
