2209 3392
932 116 985 172 137

92 244 265 301 indecorum.
281 242 406 299 Pueritia
421 243 589 316 minuente,
607 242 719 316 qualem
731 242 954 300 monstravimus
964 249 984 299 ³.

92 332 207 387 Duobus
230 330 412 399 facinoribus
432 333 521 387 altero
543 329 777 403 flagitiosissimo,
801 332 890 387 altero
903 348 988 403 egre-

92 420 147 493 gio,
180 420 358 475 tantumdem
384 420 458 491 apud
494 422 623 490 posteros
652 418 756 475 meruit
790 421 871 476 bonae
905 420 985 475 ternae

92 513 229 582 quantum
240 508 348 565 malae⁴.
362 508 400 563 Ut
413 506 579 579 conquirere
587 508 715 563 sabulosa
725 512 754 564 et
765 509 837 564 fictis
847 508 988 565 oblectare

93 598 247 669 legentium
271 596 381 653 animos
396 597 494 667 procul
511 595 651 668 gravitate
674 596 870 669 continueris
893 597 989 653 credi-

93 686 211 755 oerimr,
242 686 281 742 ita
313 685 436 757 vulgatis
465 684 635 757 traditisque
667 686 779 742 demere
814 686 898 741 fidem
930 702 988 741 non
1056 752 1059 754 Α

465 128 558 171 LIBER
579 128 614 171 11.

6 771 7 775 ’
93 773 193 847 ausim.
222 774 272 830 Die
298 790 354 845 quo
382 773 510 830 Bedriaci
536 775 707 843 certabatur,
747 790 827 831 avem
853 774 990 831 inusitata

93 862 183 933 specie
198 862 291 933 apudl
317 862 436 935 Regium
452 862 588 933 Lepidum
602 862 706 919 celebri
724 864 804 919 luco⁷
828 864 989 919 consedisse

6 992 7 995 ,
94 952 190 1007 incolae
201 956 370 1020 memorant,
383 967 435 1007 nec
450 951 549 1007 deinde
564 955 636 1007 coetu
651 952 800 1007 bominum
811 955 859 1008 aut
873 952 990 1007 circum-

93 1040 272 1096 volitantium
294 1039 392 1095 alitum
418 1041 545 1097 territam
562 1043 737 1113 pulsamve⁸,
762 1041 850 1096 donec
870 1040 943 1095 Otho
958 1057 988 1096 se

94 1129 152 1199 ipse
164 1129 353 1197 interficerem
374 1116 436 1183 tum
451 1128 573 1184 ablatam
593 1146 627 1185 ex
639 1128 743 1196 oculis3
758 1134 787 1185 et
798 1133 928 1200 tempora
942 1146 991 1184 re-

93 1216 258 1289 putantibus
271 1216 384 1272 initium
399 1216 541 1289 finemque
557 1216 687 1273 miraculi
698 1234 762 1273 cum
778 1216 898 1273 Othonis
913 1218 990 1273 exitu

93 1305 293 1377 competisse⁹.

121 1394 174 1449 Ll.
201 1394 231 1449 ln
256 1395 354 1449 funere
374 1394 435 1466 ejus
454 1397 575 1451 novate¹
595 1395 673 1451 luctu
693 1412 725 1451 ac
746 1395 842 1451 dolore
866 1395 991 1451 militum

93 1482 205 1551 seditio,
232 1486 366 1539 necerat
390 1482 437 1555 qui
461 1488 612 1540 coerceret.
642 1483 683 1538 nd
709 1482 877 1556 Verginium
905 1483 989 1551 versi,

93 1571 178 1627 modo
201 1573 233 1625 ut
252 1570 388 1641 reciperet
407 1570 569 1642 imperium,
591 1578 689 1627 nunc’
708 1576 740 1627 ut
760 1571 902 1644 legatione
916 1572 991 1643 apud

93 1659 235 1717 Caecinam
256 1676 287 1715 ac
305 1659 452 1715 Valentem
468 1660 646 1731 iungeretur,
667 1659 833 1715 minitantes
846 1660 989 1715 orabant:

92 1748 246 1820 Verginius
266 1764 317 1819 per
334 1763 463 1825 auersam
478 1748 582 1803 domus
601 1751 710 1820 partem
732 1747 831 1804 lurtim
846 1748 992 1819 digressus

93 1839 284 1908 irrumpentes
300 1837 456 1893 frustratus
471 1840 524 1892 est.
540 1836 644 1892 Earum
663 1854 726 1909 quae
743 1836 857 1892 Brixelli
875 1841 993 1908 egerant

91 1926 275 1982 cohortium³
293 1941 389 1996 preces
407 1925 530 1981 Rubrius
550 1925 648 1982 Gallus
664 1925 740 1994 tulit,
756 1929 785 1982 et
798 1925 879 1981 venia
896 1926 993 1982 statim

93 2014 255 2087 impetrata,
276 2014 494 2070 concedentibus
516 2014 551 2069 ad
571 2015 707 2070 victorem
726 2030 777 2087 per
796 2014 922 2070 flavium
946 2014 994 2069 Sa·

92 2104 194 2159 binum
216 2102 251 2158 iis
268 2102 365 2173 copiis,
381 2102 485 2174 quibus
500 2103 680 2175 praelnerat⁴.
885 2105 887 2108 '

91 2274 228 2356 appartenait
244 2300 309 2343 aune
322 2300 402 2343 lamille
421 2302 447 2343 de
465 2300 516 2343 che·

91 2364 180 2406 saliere.
197 2386 224 2394 -
238 2368 257 2407 3,
279 2363 472 2413 monstravimus,
488 2361 515 2402 cl.

91 2426 109 2477 l,
129 2437 177 2467 xur.
202 2447 228 2457 -
245 2429 266 2468 l.
279 2424 473 2481 flooitiosiaatmm
497 2422 517 2465 le

92 2492 254 2531 renversement
284 2493 305 2529 et
333 2487 352 2528 le
377 2490 468 2528 meurtre
491 2484 516 2526 de

90 2552 173 2602 Galba;
195 2552 293 2607 cyrenio,
317 2549 402 2592 Martial
428 2548 461 2590 n'a
480 2559 517 2601 pas

91 2614 163 2656 craint
179 2612 225 2665 (Vl,
244 2625 311 2664 xxxii,
327 2615 347 2667 5)
366 2611 391 2653 de
409 2620 517 2663 comparer

91 2688 116 2718 sa
126 2680 182 2717 mort
198 2676 210 2717 ὲ
222 2675 274 2717 celle
287 2676 312 2718 de
322 2673 399 2725 Calon,
414 2677 435 2714 et
445 2673 517 2714 Tacite

91 2738 211 2789 lui-meme,
223 2749 275 2779 sans
287 2736 339 2779 aller
351 2735 466 2791 jusque-la,
485 2734 517 2775 n'a

90 2812 133 2855 pas
151 2800 215 2842 cache
233 2801 265 2842 les
281 2799 407 2841 sentimeuts
425 2808 466 2852 qne
487 2795 517 2837 lui

91 2861 226 2915 inspirartce
237 2860 317 2904 suicide
331 2872 368 2915 par
376 2860 395 2903 le
405 2858 453 2901 soin
466 2858 516 2912 qu'il

90 2923 174 2967 amisa
183 2936 209 2966 en
217 2935 328 2977 composer
335 2923 355 2964 le
363 2922 458 2971 tableau3
468 2926 518 2963 lon·

91 2988 222 3029 tumdcrn...
242 2988 306 3029 bonae
321 2986 392 3037 samse
404 2988 518 3037 quantum

90 3049 174 3100 malm
190 3050 217 3091 cl.
238 3048 361 3101 Plutarquo,
382 3046 465 3096 Olbon,
482 3044 516 3087 cb.

90 3123 161 3164 xvur5
174 3112 247 3166 opud,
266 3122 312 3164 roy.
327 3111 388 3151 Rern.
405 3114 438 3160 to,
455 3109 473 3159 f.
491 3128 519 3139 -

572 2305 591 2343 t.
605 2298 690 2352 procul
706 2300 827 2353 monitate,
843 2297 993 2353 incompatible

571 2373 622 2403 avec
634 2361 654 2403 la
671 2361 767 2413 granum
781 2361 930 2410 crediderim,
945 2373 986 2415 roy

571 2422 634 2464 Rem.
643 2426 688 2467 tol.
696 2422 881 2475 -o.opud,voy.
888 2422 951 2464 Rern.
960 2430 993 2465 59.

571 2507 598 2515 -
615 2490 634 2527 7.
651 2484 734 2526 celebri
745 2484 804 2535 luco,
818 2495 866 2538 roy.
883 2484 946 2525 Rem.
960 2488 993 2526 47.

571 2569 597 2577 -
617 2552 636 2589 8.
651 2550 716 2588 out...
729 2545 949 2598 carentomus,
964 2553 993 2587 2⁰.

571 2630 597 2639 -
620 2615 640 2651 9.
663 2608 834 2660 reputantibus,
861 2619 909 2660 roy.
930 2608 993 2650 Rem.

573 2676 619 2721 ¹25,
631 2682 658 2720 ας
669 2670 838 2723 competisse:
850 2669 993 2723 conuenisse.

597 2732 632 2775 Ll.
646 2737 665 2773 t.
676 2737 771 2783 nouato,
781 2743 830 2785 roy.
839 2731 903 2773 Rem.
914 2737 958 2775 too.
969 2754 996 2761 -

571 2801 591 2836 2.
604 2794 698 2836 modo...
713 2805 785 2845 nunc,
805 2806 854 2848 roy.
869 2794 932 2835 Rern.
949 2798 993 2836 too.

571 2878 598 2886 -
607 2860 627 2897 3.
636 2855 771 2910 onerantes.
781 2854 816 2898 ch.
824 2866 901 2906 xxx113
911 2855 996 2897 cobor-

571 2918 632 2959 tium
644 2918 840 2971 (precariarum).
851 2940 878 2949 -
887 2921 907 2959 4.
918 2928 996 2959 conce

573 2980 687 3031 dentibus,
701 2992 749 3034 roy.
767 2980 831 3023 Rem.
848 2986 893 3027 ¹25.
906 2980 932 3029 b;
942 2979 996 3021 Fla-

572 3042 638 3082 vium
648 3044 771 3090 Sabinum,
783 3041 839 3095 aqui
848 3040 926 3091 othon,
935 3038 996 3091 apres

573 3102 652 3147 l'dcbec
666 3105 691 3147 dc
707 3105 785 3155 Macer,
805 3102 863 3145 avait
884 3101 954 3143 donne
977 3097 996 3139 la
