2209 3392
410 142 502 189 LIBER
523 144 558 189 ll.
878 134 931 188 107

5 278 7 335 3
36 262 118 330 laque
131 273 189 314 non
207 274 287 315 arma
300 258 396 329 modo,
410 259 461 316 sed
474 257 643 333 obsequium
654 260 683 315 et
698 258 814 330 parendi
834 275 929 325 amor,

5 404 6 409 ,
36 346 108 419 quod
123 346 217 403 solnm
229 347 287 405 illis
295 348 423 423 partibus
435 348 534 417 defuit,
547 364 612 405 cnm
622 346 739 405 virtutis
751 346 829 404 haud
841 347 934 420 paeni-

36 438 117 493 teret.
284 506 286 511 Α

63 525 124 581 XX.
149 527 185 581 At
205 524 324 596 Caecina,
343 527 421 583 velut
443 526 542 583 relicta
565 528 632 598 post
655 527 739 599 Alpes
769 526 876 583 saevitia
901 543 933 583 ac

35 613 162 685 licentia,
173 614 318 673 modesto¹
337 615 451 689 agmine
463 614 634 690 perltaliam
646 613 771 673 incessit.
791 615 931 671 Ornatum

34 703 122 775 ipsius
131 704 286 777 municipia
294 708 324 761 et
336 705 454 762 coloniae
467 704 497 761 in
505 705 667 778 superbiam
679 706 842 776 trahebant,
855 705 932 777 quod

34 793 197 850 versicolori
219 796 332 867 sagulo,
360 796 459 851 bracas
485 795 632 861 indutns²‚
662 798 777 867 togatos
803 795 932 866 alloque-

34 886 126 953 retur3
140 899 314 958 uxoremque
333 884 395 957 ejus
417 884 594 955 Saloninam,
618 900 781 958 quanquam
806 883 834 939 ln
860 883 932 939 nul-

5 1014 6 1017 *
33 972 89 1028 lius
101 971 235 1044 injuriam
248 972 371 1045 insignis
380 990 454 1047 equo
463 977 600 1046 ostroque
613 974 776 1036 veheretur,
793 976 931 1045 tanquam

34 1060 91 1117 lesi
115 1061 336 1135 gravabantur³‚
359 1062 445 1120 insita
465 1062 635 1119 mortalibus
660 1066 764 1119 natura
789 1064 931 1117 recentem

33 1149 154 1207 allorum
163 1150 326 1207 felicitatem
337 1151 450 1209 acribus
460 1151 550 1208 oculis
562 1151 748 1222 introspicere
757 1151 932 1224 modumque

34 1240 152 1296 lortunae
165 1257 183 1296 a
197 1240 284 1296 nullis
299 1241 392 1313 magis
406 1241 519 1313 exigere
539 1256 626 1313 qnam
645 1256 718 1313 quos
731 1239 760 1294 in
778 1243 877 1311 aequo⁴
888 1239 933 1295 vi-

32 1331 145 1388 derunt.
168 1329 279 1388 Caecina
298 1332 409 1389 Padum
427 1337 639 1405 transgressus,
657 1334 767 1389 tentata
790 1330 932 1387 Othonia-

32 1436 135 1477 norum
149 1420 205 1477 lide
225 1437 276 1492 per
292 1421 465 1494 colloquium
486 1426 516 1478 et
529 1422 681 1493 promissa,
695 1421 795 1477 iisdem
814 1420 930 1492 petitus,

32 1512 183 1581 postquam
196 1526 250 1580 pax
260 1511 291 1565 el
302 1509 452 1567 concordia
461 1509 598 1582 speciosis
611 1514 640 1566 et
651 1509 740 1565 irritis
750 1508 932 1565 nominibns⁵

28 1600 133 1669 jactata
148 1600 225 1668 sunl,
246 1598 364 1655 consilia
382 1615 524 1672 curasque
545 1598 575 1655 in
596 1597 837 1671 oppugnationem
861 1598 932 1653 Pla-

29 1687 129 1743 centioe
148 1703 253 1759 magno
271 1691 380 1744 terrore
396 1689 492 1757 vertit,
506 1705 624 1761 gnarus,
640 1691 672 1744 ut
686 1688 768 1744 initia
781 1688 848 1744 belli
867 1703 930 1758 pro·

28 1775 187 1843 venissent,
200 1775 305 1831 lamam
317 1775 348 1831 in
363 1779 457 1833 cetera
469 1776 558 1832 fore⁶.

65 1864 136 1921 XXI.
164 1864 219 1921 Sed
242 1864 352 1937 primns
376 1865 437 1921 dies
460 1865 568 1938 impetu
590 1865 682 1938 magis
697 1879 782 1937 quam
803 1864 929 1919 veterani

28 1954 171 2013 exercilus
186 1953 296 2011 artibus
318 1957 503 2011 transactus:
527 1955 633 2026 aperti¹
654 1952 817 2026 incautique
831 1969 931 2009 muros

27 2043 151 2111 subiere,
163 2042 225 2100 cibo
233 2044 355 2117 vinoque
363 2060 532 2118 praegrares.
545 2043 577 2099 ln
588 2059 622 2100 eo
633 2044 787 2101 certamine
796 2042 930 2115 pulcher-

27 2132 136 2189 rimum
148 2132 350 2205 amphitheatri
373 2149 445 2205 opus
458 2134 546 2191 situm
563 2137 642 2190 extra
656 2149 754 2189 muros
768 2131 930 2204 conllagra-

25 2220 95 2289 vit¹‚
113 2220 173 2277 sire
195 2222 230 2277 ab
252 2222 496 2293 oppugnatoribus
521 2222 684 2294 incensum,
707 2222 775 2276 dum
800 2222 875 2277 laces
902 2225 931 2276 et

25 2310 148 2382 glandes
160 2314 189 2366 et
201 2309 340 2367 missilem
361 2310 475 2383 ignem³
488 2310 517 2366 in
532 2312 665 2368 obsessos
676 2309 849 2381 jaculantur,
872 2308 930 2364 sive

24 2496 216 2551 propuquaculo,
225 2497 345 2540 cosontles
354 2497 452 2540 dolenses
506 2502 552 2541 luo.
563 2520 589 2528 -
600 2500 621 2540 l.
638 2496 666 2539 in
686 2508 758 2549 nqueo,
775 2507 802 2538 an
818 2494 886 2538 meme
898 2494 931 2537 nl·

25 2559 166 2601 euterieures.
504 2570 559 2601 veen
570 2571 610 2613 que
620 2557 698 2600 sob-
709 2556 931 2611 uapcctosuccte-

52 2620 101 2663 XX.
118 2627 138 2663 l.
150 2621 242 2663 saevitia
260 2634 288 2665 oc
307 2622 411 2672 licentia,
422 2634 451 2664 on
503 2621 560 2662 cilia
571 2620 718 2670 nominibus,
732 2631 785 2663 arec
797 2617 929 2673 despamles

25 2695 51 2723 en
63 2694 75 2723 a
88 2694 116 2724 ru
131 2682 169 2725 des
180 2682 295 2738 exemplos,
306 2683 344 2726 liv.
355 2684 372 2736 l,
383 2696 450 2735 nxvrq
505 2694 632 2738 pompeuses
657 2684 719 2725 mais
744 2682 829 2734 raines3
847 2693 887 2727 sur
900 2688 927 2737 ct,

25 2745 138 2796 laedente,
164 2746 191 2787 od
224 2746 266 2789 l¹on
297 2746 405 2789 observait
431 2747 451 2789 la
504 2746 632 2799 voy.Rcm.
652 2748 927 2800 17³‚b·.-o.ut‚selon

24 2806 147 2862 discipline.
163 2830 190 2838 -
207 2814 229 2851 2.
249 2809 339 2864 copulo,
360 2820 451 2864 casuque
506 2820 587 2861 quo...;
610 2808 661 2860 (ita)
682 2808 774 2859 sumam
796 2808 824 2849 in
851 2815 928 2853 cetera

24 2868 77 2912 faite
112 2869 175 2911 d’une
202 2870 267 2913 e'tolle
292 2873 368 2925 rupem
395 2872 452 2915 bro-
505 2870 565 2920 sore,
575 2870 691 2925 replicare.
703 2876 729 2914 76
741 2874 763 2913 et
774 2876 819 2921 198,
828 2877 858 2915 o·-

23 2943 64 2972 cua
76 2930 187 2984 indutus,
202 2944 249 2986 roy.
261 2932 324 2975 llam.
337 2940 371 2978 87.
383 2956 410 2965 -
430 2938 450 2976 ³.
531 2932 590 2975 XXI.
608 2939 627 2976 1.
639 2935 723 2987 operti,
737 2936 748 2976 'a
763 2934 884 2979 decouvcrt.
902 2960 929 2969 -·

21 3004 173 3037 umorem...
203 2996 378 3050 probabantur,
401 3008 449 3051 roy.
505 3000 526 3037 2.
542 2997 702 3051 constupravit,
714 3008 777 3052 parce
802 2997 854 3051 qu'll
877 2999 929 3041 eluit

20 3058 88 3100 llmu.
102 3061 140 3107 lu;
162 3069 304 3111 quenquam,
322 3071 370 3113 noy.
386 3061 450 3103 Rem.
506 3070 532 3100 en
546 3057 601 3108 bois,
623 3070 704 3101 comme
722 3058 777 3101 colui
795 3060 820 3101 do
836 3059 929 3103 Fidcncs

22 3125 81 3172 197;
98 3122 214 3175 tanquam
237 3120 294 3172 luat,
315 3133 363 3177 rep.
385 3122 448 3167 Rem.
505 3121 580 3175 (Anu.
593 3120 630 3174 lV,
641 3122 683 3175 62).
698 3144 724 3152 —
739 3125 759 3169 ³.
778 3122 880 3181 plaudes,
898 3123 929 3171 les
