2209 3392
146 143 182 197 76
335 154 484 199 coenatu
506 155 608 199 racrrr
633 154 845 201 arsrosranuu

180 268 325 325 LXXVlll.
339 270 444 327 Eadem
460 270 613 343 largitione
626 270 783 328 civitatium
796 288 909 345 quoquc
924 288 957 328 ac
973 287 1042 344 pro·

145 359 300 417 vinciarum
320 358 430 416 animos
455 376 611 433 aggressus
635 359 861 431 hispaliensibus
882 364 911 417 et
930 360 1043 417 Emeri-

144 449 271 505 tensibus
283 448 455 505 familiarum
468 448 638 522 adjectiones
647 454 666 515 ¹,
677 448 890 507 Lanciensibus
900 450 1043 507 universis

144 537 284 594 civitatem
305 538 471 606 Romanam,
496 537 647 609 provinciae
662 538 773 594 Baetieae
794 539 959 596 Maurorum
973 538 1044 595 civi·

143 631 234 684 tates²
254 629 327 684 dono
342 626 435 696 dedit;
459 643 531 684 nova
543 626 609 699 jura
632 626 825 699 Cappadocia,
841 644 916 683 nova
929 626 1042 695 Africa,

143 714 267 773 ostentui
289 714 380 788 magis
398 732 483 788 quam
502 720 670 771 mensurat.
687 715 764 772 Inter
784 732 847 788 quae
872 716 1044 773 necessitate

98 792 99 799 ἵ
143 804 325 877 praesentium
343 821 439 861 rerum
456 808 484 860 et
503 804 678 861 instantibus
694 805 771 861 curis
783 808 918 861 excusata
933 808 1044 862 netum

143 895 278 967 quidem⁴
287 894 437 951 immemor
451 910 582 951 amorum
596 897 706 951 statuas
718 894 845 966 Poppaeae
860 911 911 967 per
925 904 1046 951 senatus

9 1040 10 1049 ,
143 984 303 1040 consultum
325 983 470 1055 reposuit;
493 982 619 1039 creditus
642 988 687 1039 est
713 984 799 1040 etiam
818 984 852 1039 de
873 984 1046 1040 celebranda

60 1063 62 1075 '
143 1070 264 1128 Neronis
283 1072 422 1129 memoria
438 1071 592 1144 agitavisse
607 1088 656 1142 spe
680 1073 798 1144 vulgum
821 1072 991 1128 alliciendi⁸.
1008 1072 1046 1127 Et

143 1160 221 1217 luere
235 1159 284 1233 qui
302 1159 442 1232 imagines
457 1157 579 1216 Neronis
601 1163 812 1231 proponerent⁰
829 1179 836 1214 ε
853 1164 939 1233 atque
954 1159 1044 1216 etiam

143 1250 248 1305 Othoni
268 1250 438 1323 quibusdam
462 1247 564 1305 diebus
584 1250 707 1320 populus
730 1253 759 1305 et
781 1249 874 1319 miles,
903 1253 1044 1321 tanquam

142 1336 319 1393 nobilitatem
339 1353 370 1393 ac
386 1336 471 1393 decus
487 1336 696 1403 adstruerentt,
709 1336 815 1394 Neroni
833 1337 940 1393 Othoni
958 1338 1045 1394 accla-
1099 1377 1100 1394 2

142 1428 239 1484 mavit.
267 1426 329 1498 lpse
359 1426 388 1481 in
424 1442 562 1498 suspenso
594 1425 714 1491 renutu,
743 1426 857 1482 vetandi
890 1430 970 1483 metu
998 1424 1045 1483 vel

142 1515 313 1588 agnoscendi
329 1516 448 1588 pudore.

178 1602 294 1659 LXXIX.
321 1602 472 1660 Conversis
496 1604 531 1660 ad
556 1603 637 1660 civile
663 1604 769 1660 bellum
796 1601 899 1659 animis
925 1606 1045 1660 externa

142 1694 204 1750 sine
217 1697 305 1749 cura¹
318 1693 505 1750 habebantur.
522 1692 562 1749 Eo
575 1693 726 1749 audentius
740 1691 907 1761 Rhoxolani,
925 1692 1045 1749 Sarma·
1098 1723 1099 1772 Q

141 1782 197 1839 tica
209 1797 290 1854 gens,
306 1780 400 1851 priore
413 1779 506 1837 hieme
520 1779 600 1836 caesis
615 1781 726 1836 duabus
738 1779 914 1849 cohortibus,
937 1798 1045 1854 magna
1098 1787 1100 1858 l

142 1889 191 1944 spe
214 1870 340 1927 Moesiam
360 1869 533 1942 irruperant,
557 1869 592 1925 ad
613 1886 716 1926 novem
739 1869 829 1925 millia
850 1870 989 1943 equitum,
1011 1886 1045 1927 ex
1098 1863 1100 1908 Ι

142 1958 246 2017 ferocia
263 1962 292 2014 et
303 1973 436 2013 successu
452 1958 573 2027 praedae³
591 1956 682 2030 magis
695 1974 782 2029 quam
802 1973 906 2029 pugnae
919 1956 1042 2015 intenta.

143 2048 234 2120 Igitur
248 2062 336 2118 vagos
351 2048 379 2101 et
394 2044 552 2101 incuriosos
565 2045 651 2101 tertia
669 2046 744 2116 legio
766 2045 907 2117 adjunctis
929 2047 1044 2102 auxiliis
1097 2109 1099 2136 i

141 2270 167 2313 de
187 2266 327 2318 concussion,
348 2266 376 2311 ils
399 2266 516 2321 leignaient
536 2267 563 2309 da

141 2330 209 2373 croire
220 2329 284 2385 qu'ils
295 2328 380 2371 avaient
389 2329 422 2371 tta
434 2329 564 2372 condamnes

616 2266 645 2308 tit
651 2266 678 2309 du
687 2266 787 2321 butroy.
796 2269 860 2311 Rem.
869 2274 894 2311 36
901 2279 906 2318 ;
914 2279 1043 2316 mamare,
1096 2295 1098 2312 !

617 2340 665 2381 voy.
676 2329 740 2370 Rem.
755 2335 800 2373 156.
817 2352 844 2361 -
859 2333 880 2371 l.
890 2330 1041 2382 interque...
1096 2319 1098 2366 Ι

141 2406 165 2435 en
177 2396 237 2435 rertu
248 2391 274 2434 da
288 2391 309 2433 la
321 2390 350 2433 loi
367 2390 393 2433 de
410 2390 562 2445 lese-mahala,

141 2455 195 2497 mais
204 2467 230 2497 en
240 2456 343 2509 profitant
354 2454 380 2495 de
390 2452 410 2495 la
423 2452 486 2495 haine
497 2452 565 2504 gene-

142 2519 185 2559 rale
193 2521 265 2558 contre
274 2516 305 2558 las
312 2516 412 2557 cruaute's
422 2512 564 2557 dontcelle-ci

141 2579 197 2621 avait
208 2579 240 2619 ete
249 2577 268 2619 le
277 2579 378 2631 preterte,
387 2589 415 2619 on
423 2576 505 2618 laissait
513 2586 564 2617 sans

140 2640 191 2682 eliel
207 2639 232 2681 de
245 2641 288 2681 tres
299 2640 380 2681 bonncs
393 2638 440 2691 lois,
451 2649 531 2680 comme
544 2637 563 2677 la

141 2702 375 2752 aarepaunuaram.
422 2722 425 2729 =

167 2762 283 2804 LXXVlll.
306 2768 323 2802 1.
344 2762 499 2811 familiarum
520 2762 565 2804 ud-

138 2824 259 2879 jectt'oaes,
278 2834 328 2875 vop.
348 2821 407 2864 Dice.
429 2822 483 2864 bist.
501 2845 528 2853 -
543 2830 563 2864 2.

140 2883 565 2937 lllourorurmcioilotespommeTingis

141 2952 161 2989 et
171 2948 250 3001 Lixus;
268 2958 322 3000 pour
338 2942 527 2988 l'administration
542 2951 564 2988 et

142 3009 172 3051 les
185 3007 279 3049 hnances
292 3007 343 3048 elles
356 3005 497 3060 dependirent
506 3008 531 3048 de
543 3007 564 3049 la

140 3068 241 3122 Be'tique.
260 3091 287 3099 —
308 3072 327 3111 ³.
349 3079 410 3110 uoco
427 3067 495 3122 jura,
521 3081 563 3111 une

141 3132 238 3174 nouvelle
247 3128 398 3181 constitution,
408 3130 516 3181 ostentui,
527 3130 564 3173 da-

616 2402 646 2431 ne
657 2396 708 2432 tam
725 2392 826 2444 qumana
845 2403 894 2445 rov.
915 2391 981 2433 Rem.
996 2398 1041 2436 199.
1095 2433 1096 2442 ,

617 2476 644 2483 -
655 2458 674 2495 5.
690 2455 792 2496 credam
801 2459 840 2505 est,
851 2466 899 2507 vov.
912 2454 978 2496 Rern.
991 2459 1042 2503 1173

617 2525 657 2566 spe
666 2514 762 2570 culpam
770 2514 900 2565 alliciendi,
910 2514 930 2557 la
939 2516 1044 2570 populace

619 2576 643 2617 de
660 2577 727 2617 Rome
740 2576 824 2618 adorait
836 2576 918 2617 Neron.
927 2599 956 2607 -
969 2582 990 2619 t.
1005 2578 1043 2627 El,

618 2638 645 2679 cl.
660 2637 694 2679 ch.
708 2650 772 2688 mv,
785 2650 806 2680 n.
820 2643 844 2688 ⁵3
852 2650 995 2692 proponere,
1008 2650 1043 2682 ex-

619 2709 681 2751 poser
700 2711 727 2741 en
744 2698 825 2753 public.
837 2721 865 2730 -
880 2705 901 2742 7.
920 2705 1042 2752 manuam,

618 2760 672 2802 dans
691 2760 711 2802 la
723 2762 800 2814 penses
816 2773 896 2815 que...;
910 2762 1042 2812 adstruere,

618 2822 701 2876 ajouter
718 2822 765 2864 1....
779 2846 806 2854 -
826 2828 846 2865 8.
860 2823 934 2864 tenuit
948 2825 981 2864 est
996 2834 1043 2864 em-

618 2885 680 2938 ployt
694 2882 721 2924 ici
732 2882 935 2925 intransitirement.

644 2946 741 2989 LXXIX.
756 2953 775 2988 1.
787 2946 840 2987 atae
852 2957 918 2997 carc,
929 2957 957 2987 on
968 2952 1045 2988 atten-

618 3006 675 3050 drait
690 3007 820 3048 incuriose.
833 3030 860 3037 -
871 3014 891 3050 2.
909 3017 940 3049 0oe
951 3006 1046 3059 ferocia

617 3074 637 3111 et
653 3080 770 3119 successu,
786 3069 805 3110 le
824 3069 902 3111 second
923 3073 989 3111 terma
1006 3082 1045 3111 ex-

616 3129 690 3185 plique
708 3129 727 3171 le
752 3129 855 3185 premium
873 3130 969 3183 praede,
993 3142 1043 3184 roy.
