2209 3392
894 161 1082 206 menn
1122 162 1166 205 1.
1647 213 1652 223 ‚
1857 153 1931 209 '75

114 274 360 344 addidit,
407 280 506 332 aut
535 292 732 333 recens
761 278 831 333 ab
857 276 1023 333 exilio
1052 292 1315 334 reversos
1341 276 1561 335 nobiles
1592 278 1930 336 adulescen-

114 366 270 422 tulos
292 365 466 423 avitis
493 384 556 422 ac
578 366 830 438 paternis
861 366 1195 424 sacerdotiis
1210 366 1269 423 in
1304 367 1577 423 solacium
1608 369 1923 426 recoluit¹⁰.

118 454 402 513 Redditus
434 454 606 514 Cadio
643 457 812 527 Ruso,
847 457 1022 514 Pedio
1058 457 1265 522 Blaeso‚
1306 457 1560 514 Scaevino
1602 458 1797 514 Prisco
1832 476 1927 515 se-

451 2318 623 2372 Tunple
654 2318 892 2371 d'Auguste
920 2324 963 2361 et
989 2318 1041 2363 de
1066 2318 1190 2363 Livie
1218 2322 1242 2362 ἐι
1267 2318 1434 2363 Vienne
1456 2321 1612 2376 (isi-re).

117 2501 379 2558 natorius
423 2501 612 2568 locus;
653 2501 1100 2574 repetundarum
1144 2499 1479 2557 criminibus
1528 2500 1634 2556 sub
1687 2499 1924 2558 Claudio

117 2608 179 2647 ac
224 2590 452 2648 Nerone
495 2590 812 2648 ceciderant
863 2610 877 2647 z
925 2590 1139 2664 placuit.
1176 2590 1605 2663 ignoscentibus
1635 2606 1800 2647 verso
1833 2607 1925 2647 no-

100 2681 290 2759 ·mine,
346 2683 500 2753 quod
551 2680 789 2738 avaritia
848 2681 1054 2750 fuerat,
1103 2679 1286 2737 videri
1336 2679 1713 2754 majestatem,
1760 2679 1924 2754 cujus

116 2775 239 2827 tum
266 2771 398 2828 odio
421 2770 593 2829 ctiam
618 2772 780 2827 bonae
807 2771 964 2844 leges
993 2770 1333 2843 peribant¹¹.

111 2967 392 3011 consulaircs.
431 2991 484 2999 —
531 2975 594 3012 10.
627 2968 682 3011 in
715 2968 961 3020 solacium,
1073 2969 1201 3012 bonae
1224 2969 1340 3024 loyes
1360 2969 1596 3022 peribant,
1618 2968 1758 3011 Otbon
1794 2974 1837 3010 ct
1862 2967 1924 3009 les

112 3044 220 3085 pour
265 3032 329 3074 les
375 3031 698 3085 dedommager;
745 3032 962 3085 recolere,
1071 3033 1293 3073 senateurs
1330 3030 1501 3072 usaient
1540 3030 1591 3072 de
1638 3030 1886 3082 subterfuge
1908 3042 1917 3069 ·.

112 3094 285 3137 revetir.
318 3115 368 3125 -
395 3101 459 3138 11.
477 3096 770 3150 majoetatem
789 3112 838 3131 =
863 3095 961 3137 cri-
1072 3105 1183 3146 pour
1206 3106 1257 3136 ne
1291 3104 1365 3146 pas
1403 3092 1525 3135 avoir
1553 3092 1646 3134 l'air
1672 3092 1921 3133 d’absoudre

110 3169 221 3198 men
244 3156 523 3211 majestatis,
547 3168 642 3212 voy.
680 3158 796 3200 Dici.
824 3157 961 3207 hiem
1075 3155 1237 3198 Cadius
1255 3154 1394 3196 Rufus
1408 3157 1450 3195 ct
1471 3154 1532 3196 les
1556 3159 1700 3195 autres
1714 3153 1769 3195 du
1790 3152 1921 3194 crime
