2209 3392
473 150 568 196 Lissa
590 154 624 195 11.
931 97 998 202 Ι117

103 268 198 323 hortes
221 264 350 321 turbidas
370 281 413 331 ac,
439 264 462 321 si
487 283 545 322 una
568 266 672 334 forent,
699 267 867 337 prevalidas
888 268 1001 341 disper-

102 355 197 429 gendi,
214 358 324 425 partem
340 353 512 409 Batavorum
534 353 577 409 ire
592 354 619 408 in
635 354 796 410 subsidium
812 354 904 427 jubet.
919 358 1001 423 Quod

103 443 148 500 ubi
160 442 289 499 auditum
300 441 516 514 vulgatumque,
528 458 647 497 maerere
655 441 734 511 socii,
745 443 865 500 tremere
874 445 1001 518 legiones

102 531 197 589 orbari
216 548 247 587 sc
269 530 496 585 fortissimorum
521 529 651 585 virorum
670 529 790 597 auxilio,
811 534 922 587 veteres
937 532 1003 589 illos

102 625 131 677 et
151 624 195 676 tot
222 619 363 676 bellorum
393 618 526 687 victores,
549 622 702 691 postquam
727 617 757 674 in
784 624 936 690 conspectu
966 622 1003 677 sit

102 708 202 777 hostis,
218 708 294 763 velut
315 722 349 761 ex
369 706 427 761 acie
442 705 557 772 abduci;
574 705 598 761 si
619 704 765 776 provincia
784 707 855 763 urbe
871 709 1002 765 etsalute

102 796 209 868 imperii
223 794 317 867 potior
328 794 375 863 sit,
389 810 489 850 omnes
501 793 569 850 illuc
582 798 786 866 sequere‘ntur2
799 816 805 849 ε
821 794 865 851 sin
877 796 1001 853 victoriae

101 885 225 958 [sanitas]
250 885 493 940 sustentaculum³
517 883 666 955 [columen]
689 882 718 939 in
734 883 817 939 ltalia
828 888 1017 956 verteretur,

100 992 156 1030 non
172 972 400 1044 abrumpendos*
416 975 447 1027 ut
461 971 574 1045 corpori
589 971 781 1029 validissimos
792 978 881 1029 artus.

134 1062 229 1118 XXIX.
247 1061 313 1117 Haee
328 1060 441 1117 fortiter
452 1060 613 1131 jactando¹,
630 1064 781 1132 postquem
795 1060 934 1118 immissis
947 1062 1002 1117 lic-

100 1150 210 1207 toribus
223 1150 328 1205 Valens
341 1162 472 1204 coercere
487 1147 658 1204 seditionem
672 1150 820 1220 coeptabat,
836 1149 930 1221 ipsum
955 1150 1002 1205 in-

99 1237 216 1305 vadunt,
231 1252 298 1293 saxa
309 1236 429 1308 jaciunt,
451 1235 607 1307 lugientem
629 1241 801 1308 sequuntur.
824 1237 921 1309 Spolia
936 1238 1003 1295 Gal-

99 1327 202 1382 liarum
227 1329 256 1381 et
276 1318 480 1380 Viennensium
509 1342 626 1390 aurum,
650 1325 760 1396 pretia¹
779 1327 909 1383 laborum
931 1344 1001 1384 suo-

99 1432 173 1483 rum,
190 1412 325 1470 occultari
338 1413 526 1483 clamitantes,
544 1413 663 1485 direptis
678 1415 797 1472 sarcinis
817 1417 1001 1473 tabernacula

99 1502 178 1559 ducis
191 1502 339 1574 ipsamque
354 1502 474 1557 humum
485 1501 551 1573 pilis
566 1505 595 1557 et
609 1502 714 1558 lanceis
730 1502 921 1573 rimabantur,
933 1522 1000 1561 nam

98 1591 202 1648 Valens
212 1590 308 1647 servili
317 1595 395 1647 veste
403 1592 475 1662 apud
487 1590 670 1647 decurionem
681 1592 829 1664 equitum³
838 1594 998 1665 tegebatur.

98 1681 170 1735 Tum
187 1680 306 1735 Alienus
330 1678 420 1735 Varus
448 1680 599 1750 praelectus
622 1683 794 1748 castrorum,
822 1680 1000 1753 deflagrante

97 1767 234 1840 paulatim
255 1765 404 1833 seditione,
427 1766 505 1823 addit
527 1766 688 1835 consilium,
711 1762 807 1822 vetitis
828 1767 907 1824 obire
928 1769 1001 1841 vigi-

98 1854 150 1910 lias
176 1853 403 1923 centurionibus,
425 1853 531 1910 omisso
561 1854 636 1909 tubae
662 1870 747 1924 sono,
774 1871 831 1927 quo
857 1856 939 1912 miles
964 1858 1000 1913 ad

96 1942 164 1998 belli
175 1942 290 1998 munia⁴
301 1942 401 1998 cietur.
418 1940 509 2014 Igitur
521 1945 635 2013 torpere
647 1942 750 2011 cuncti,
765 1944 1000 2015 circumspectare

97 2031 217 2087 intense
236 2029 349 2088 attoniti
370 2032 399 2085 et
420 2030 448 2085 id
472 2030 576 2102 ipsum,
599 2030 676 2102 quod
699 2047 783 2087 nemo
807 2036 929 2104 regeret,
951 2051 999 2105 pa·

95 2122 222 2187 ventesl,
241 2117 365 2186 silentio,
386 2117 532 2188 patientia,
553 2122 697 2189 postremo
712 2119 845 2190 precibus
864 2137 897 2176 ac
913 2121 999 2177 lacri-

95 2206 153 2261 mis
174 2204 285 2261 reniam
314 2206 487 2277 quaerebant.
513 2206 551 2261 Ut
581 2222 648 2262 vero
667 2206 804 2261 deformis
828 2211 856 2263 et
876 2207 948 2264 tlens
971 2214 1000 2266 et

94 2297 201 2365 practer
215 2309 294 2364 spem
308 2292 460 2348 incolumis
473 2293 577 2348 Valens
590 2294 736 2365 processit,
750 2294 897 2365 gaudium,
914 2296 1000 2353 mise·

93 2504 116 2541 et
136 2498 194 2542 suiv.
213 2520 240 2527 -
253 2504 272 2539 2.
291 2501 449 2551 sequerentur,
471 2508 520 2550 roy.
576 2497 603 2539 ct.
622 2496 638 2547 l,
658 2509 721 2547 uxv13
736 2499 822 2551 pretia,
841 2496 963 2552 apposition
985 2500 997 2543 ὲ

92 2563 160 2603 Rem.
173 2566 218 2612 tle,
228 2564 314 2603 ³·.-a.
327 2560 519 2611 sustentaculum,
575 2560 653 2611 spotia
664 2564 684 2600 et
695 2560 813 2602 taurum.
825 2566 878 2604 -3,
890 2561 996 2603 decumo·

92 2622 520 2677 motrarequ'uuglossateureuraessayri
574 2632 628 2663 uem
638 2620 749 2673 equitum,
762 2634 813 2677 roy.
824 2623 883 2665 Dict.
899 2622 956 2664 hiet.
971 2642 997 2655 -

92 2686 227 2740 d’expliquer
239 2697 277 2740 par
287 2686 318 2728 las
327 2685 383 2729 deux
392 2689 469 2729 termes
479 2686 520 2729 mis
574 2687 594 2725 t.
615 2684 681 2726 addit
699 2684 836 2736 consitium,
849 2685 933 2735 unitis,
946 2690 995 2735 ete,

91 2751 155 2789 entre
165 2747 297 2790 crochets.-
307 2750 328 2790 t.
338 2748 519 2801 abrumpendos,
574 2750 607 2788 cet
626 2746 669 2788 abl.
683 2746 729 2789 abs.
746 2758 834 2801 maeque
852 2746 996 2789 simultantitt

91 2820 124 2851 se.
136 2808 190 2860 sibi,
206 2807 243 2863 qui
253 2808 351 2863 s'oppose
361 2809 372 2851 t
382 2811 485 2862 corpori.
574 2812 596 2849 at
613 2808 700 2861 indique
722 2820 749 2851 en
773 2808 825 2863 quoi
839 2808 932 2851 consisto
942 2813 997 2850 cette

120 2870 201 2913 XXIX.
217 2878 235 2913 1.
250 2872 374 2926 jactando,
390 2882 437 2925 roy.
454 2872 518 2915 Rem.
574 2881 656 2912 mesura
672 2869 743 2911 babile
762 2870 919 2925 (consilium),
933 2871 998 2912 obire

93 2937 142 2975 126.
169 2955 196 2963 -
221 2938 242 2975 2.
266 2932 350 2985 Spolia
372 2932 517 2984 Galliarum,
573 2931 674 2985 vigilios,
689 2930 742 2973 faire
756 2932 803 2974 leur
817 2932 882 2975 rende
900 2931 995 2983 denuit,

90 2994 121 3037 cf.
134 2994 218 3045 l,cx1n
232 2999 253 3036 et
269 2994 330 3047 suiv3
348 2995 519 3037 Viennensium
573 3005 598 3035 en
609 2994 778 3047 parcourantles
791 2992 997 3048 postes3lretttmu-

90 3068 191 3110 eurum,
209 3056 248 3098 l'or
260 3057 325 3111 qu'ou
342 3058 362 3099 le
377 3056 519 3112 soupqonnait
572 3055 623 3105 nto,
643 3054 673 3095 les
687 3054 792 3097 exereices
805 3053 925 3097 militaires.
939 3074 966 3083 —
976 3057 996 3093 ⁵.

90 3115 516 3173 d’svoirrequdestabitanlsdevienne,
571 3114 717 3170 idipsum...
737 3120 853 3170 pauentes,
868 3126 916 3169 vop.
931 3113 996 3155 Rern.
