2209 3392
460 168 554 213 crasa
576 167 610 211 11.
929 159 980 213 121

83 283 213 350 matiam,
231 283 377 340 Orientem
399 299 463 339 cum
483 282 605 355 integris
622 281 801 351 exercitibus,
824 282 935 339 ltaliam
956 288 985 341 et

82 377 169 444 caput
187 389 284 429 rerum
300 373 400 429 urbem
418 376 606 444 senatumque
621 373 650 427 et
663 371 811 442 populum,
826 389 983 444 numquam

83 462 207 517 obscura
227 460 352 527 nomina,
369 459 455 517 etiam
477 459 501 517 si
523 459 676 533 aliquando
688 460 910 532 obumbrantur,
931 479 982 534 pu·

82 550 172 607 blicas
193 549 374 621 privatasque
393 564 461 621 opes
484 552 512 605 et
531 548 701 604 immensam
725 548 884 620 pecuniam,
909 550 985 607 inter

83 636 180 695 civiles
196 638 352 694 discordias
367 638 443 693 lerro
458 636 638 706 validiorem3
656 652 776 709 corpora
794 638 918 693 militum
935 643 985 696 aut

84 726 172 783 ltaliae
186 731 266 783 sucta
277 726 439 795 aestibus¹¹;
457 726 587 798 obiacere
604 726 713 781 llumcn
736 726 883 796 Padum¹²,
907 730 984 784 tutas

83 816 153 871 viris
176 815 321 887 murisque
346 814 446 883 urbes;
467 831 482 869 e
504 814 609 886 quibus
623 813 820 870 nullambosti
836 831 984 871 cessuram

85 902 236 960 Placentiae
263 903 427 959 defensione
448 903 670 973 exploratum¹³3
693 902 813 974 proinde
836 905 984 959 ducerctss

83 992 199 1047 bellum.
210 990 311 1047 Paucis
319 990 418 1047 diebus
428 989 701 1063 quartamdecimam
709 990 862 1063 legionem,
877 1007 982 1063 magna

84 1078 176 1151 ipsam
197 1080 280 1146 lama,
309 1096 374 1135 cum
395 1078 531 1135 Moesiacis
558 1078 646 1150 copiis
673 1078 783 1135 affore:
805 1082 867 1134 tum
881 1096 983 1135 rursus

83 1167 318 1235 deliberaturum,
333 1172 371 1236 et,
388 1167 412 1224 si
433 1168 565 1239 proelium
581 1167 746 1240 placuisset,
765 1166 857 1224 auctis
875 1167 984 1224 viribus

82 1259 251 1313 certaturos.

119 1336 245 1417 ΧΧΧΙΙΙ.Ι
263 1345 418 1402 Accedebat
438 1345 586 1403 sententia
611 1345 722 1401 Paulini
742 1346 848 1403 Marius
867 1348 981 1416 Celsus3
1001 1349 1004 1355 ‘

83 1433 159 1507 idem
173 1433 284 1505 placere
302 1433 394 1489 Annio
418 1434 497 1490 Gallo
515 1449 621 1505 paucos
641 1437 707 1489 ante
732 1435 792 1490 dies
813 1436 895 1506 lapsu
917 1435 982 1508 equi

76 1521 197 1590 sillicto,
210 1520 289 1578 missi
309 1522 357 1594 qui
379 1522 529 1578 consilium
550 1521 613 1595 ejus
632 1520 844 1578 sciscitarentur
866 1526 984 1579 rettule-

82 1613 158 1669 rant.
173 1610 246 1666 Otho
260 1626 367 1682 pronus
380 1609 415 1666 ad
429 1609 648 1678 decertandum3
665 1610 753 1665 irater
765 1610 844 1681 ejus¹
854 1609 983 1666 Titianus

82 1701 111 1753 et
131 1698 281 1770 praelectus
300 1698 426 1769 praetorii
448 1699 599 1766 Proculus,
621 1698 764 1769 imperitia
786 1702 981 1769 properantes,

82 1786 228 1842 fortunam
247 1790 276 1843 et
298 1786 366 1843 deos
388 1790 417 1843 et
437 1793 562 1843 numen¹
582 1786 703 1843 Othonis
724 1787 823 1842 adesse
844 1787 981 1855 consiliis,

82 1873 169 1929 allore
183 1874 332 1930 conatibus
346 1875 538 1944 testabantur,
556 1879 630 1931 neu³
646 1873 710 1945 quis
729 1872 841 1930 obviam
859 1874 900 1930 ire
919 1890 984 1931 sen-

81 1963 178 2019 tentiae
199 1963 325 2035 auderet,
338 1962 367 2019 in
387 1964 580 2021 adulationem
602 1967 811 2020 concesserant.
827 1964 983 2037 Postquam

80 2051 204 2123 pugnari
233 2051 379 2122 placitum,
389 2058 390 2061 ’
400 2052 537 2109 interesse
551 2068 654 2125 pugna
668 2051 870 2123 imperatorem
886 2070 921 2109 an
934 2069 984 2109 se-

80 2139 150 2211 poni
162 2138 265 2195 melius
280 2141 363 2208 leret,
376 2139 571 2197 dubitaverat
587 2139 707 2196 Paulino
719 2143 748 2196 et
758 2139 841 2197 Celso
853 2140 982 2213 jamnon

2 2226 3 2229 ’
80 2226 309 2294 adversantibus,
325 2243 359 2283 ne
372 2226 529 2299 prinoipem
542 2226 684 2299 objectare
704 2227 836 2299 periculis
848 2228 984 2286 rideren-

80 2317 138 2382 tur,
159 2313 244 2369 iidem
267 2313 308 2369 illi
331 2314 480 2370 deterioris
496 2314 606 2370 consilii
629 2318 759 2371 auctores
781 2317 983 2387 perpulerant

3 2454 4 2457 ,
80 2401 237 2457 Brixellum
261 2406 445 2459 concederetl
476 2418 509 2459 ac
530 2402 625 2458 dubiis
650 2402 816 2475 proeliorum
836 2409 983 2477 exemptus

79 2572 204 2627 (surrent).
225 2596 252 2605 -
277 2578 308 2618 ll.
329 2576 430 2625 astibus,
454 2585 502 2627 voy.

78 2636 143 2677 Rem.
155 2641 189 2681 16.
203 2657 230 2666 —-
245 2641 277 2677 12.
294 2636 399 2690 objacere
415 2637 504 2690 (lumen

78 2697 182 2747 Padum,
196 2695 212 2739 il
225 2696 325 2739 conscilia
338 2698 393 2739 douc
409 2698 420 2739 a
433 2697 503 2739 Othon

77 2758 105 2799 de
117 2770 140 2801 se
155 2757 234 2811 replier
253 2757 346 2800 derriere
361 2758 381 2800 le
393 2758 424 2800 Po
440 2763 461 2800 et
478 2758 504 2800 de

77 2820 176 2862 s'etablir
202 2819 330 2863 solidament
355 2832 392 2863 sur
414 2820 435 2862 la
460 2820 504 2862 rire

79 2881 158 2925 droite.
175 2905 202 2913 -
216 2887 248 2925 lt.
262 2883 411 2937 conploratam
428 2882 503 2937 (esse).

76 2944 334 2999 -1l.daceret(0tbc)
346 2945 439 2996 dottam,
451 2943 503 2999 qu'il

78 3005 149 3050 traina
157 3006 178 3047 la
187 3016 262 3057 guerre
272 3018 298 3048 en
310 3006 423 3059 longueur.

106 3066 202 3112 xxxlu.
218 3074 236 3109 1.
247 3068 322 3118 scater
336 3070 395 3123 ejus,
406 3067 504 3110 Titianus

78 3128 130 3171 e'tail
150 3140 201 3175 sans
220 3129 285 3172 doute
305 3130 374 3173 atrise
393 3131 418 3172 de
438 3130 503 3171 ilomc

559 2584 613 2628 pour
626 2573 715 2615 assister
725 2584 753 2615 au
763 2572 844 2615 eonseil
859 2572 884 2616 de
899 2586 981 2629 guerre.

557 2641 612 2677 -2.
625 2647 720 2685 numm,
733 2635 752 2677 le
768 2635 830 2687 genie
848 2635 916 2690 divin,
934 2650 984 2681 sens

559 2695 646 2750 indique
658 2708 695 2751 par
707 2696 735 2737 ia
749 2696 911 2739 adulationem
925 2711 982 2741 con·

558 2762 682 2800 cesserant.
694 2780 722 2787 -
738 2762 757 2800 3.
776 2771 831 2810 neu,
853 2771 902 2814 roy.
917 2761 981 2802 Rem.

560 2824 606 2871 178,
619 2825 648 2860 2·.
659 2842 686 2849 -
699 2824 720 2862 l.
737 2824 888 2872 postquam...
905 2820 983 2874 placi·

559 2884 616 2931 tam,
636 2880 663 2922 ci.
679 2880 695 2930 l,
718 2892 733 2933 r,
755 2893 776 2924 n.
796 2888 820 2933 ες
838 2882 981 2934 dubitavere,

558 2954 639 2984 commo
650 2943 817 2986 emendavero.
828 2968 856 2975 -
867 2951 886 2987 5.
900 2957 982 2987 coace-

559 3004 629 3053 deret,
641 3002 656 3044 il
666 3004 702 3046 adt
714 3006 747 3047 cto
760 3006 809 3060 plus
824 3006 882 3060 J'uste
899 3007 925 3049 de
938 3007 982 3048 diro

559 3080 571 3103 «
584 3064 636 3118 qu’il
659 3067 803 3117 rotomnam
829 3078 865 3109 ear
883 3066 982 3119 Otbony

559 3125 611 3168 eluit
629 3127 684 3168 reste
701 3129 795 3181 pendant
818 3128 837 3169 la
861 3130 925 3171 dureo
945 3126 982 3169 dee
