<?xml version="1.0" encoding="UTF-8"?>
<!DOCTYPE html PUBLIC "-//W3C//DTD XHTML 1.0 Transitional//EN"
    "http://www.w3.org/TR/xhtml1/DTD/xhtml1-transitional.dtd">
<html xmlns="http://www.w3.org/1999/xhtml" xml:lang="en" lang="en">
 <head>
  <title>
</title>
<meta http-equiv="Content-Type" content="text/html;charset=utf-8" />
  <meta name='ocr-system' content='tesseract 3.04.00' />
  <meta name='ocr-capabilities' content='ocr_page ocr_carea ocr_par ocr_line ocrx_word'/>
</head>
<body>
  <div class='ocr_page' id='page_1' title='image "./corneliitacitih04tacigoog_0129.png"; bbox 0 0 2209 3392; ppageno 0'>
   <div class='ocr_carea' id='block_1_1' title="bbox 465 94 983 149">
    <p class='ocr_par' dir='ltr' id='par_1_1' title="bbox 465 94 983 149">
     <span class='ocr_line' id='line_1_1' title="bbox 465 94 983 149; baseline 0.004 -2"><span class='ocrx_word' id='word_1_1' title='bbox 465 104 561 149; x_wconf 75' lang='lat' dir='ltr'><strong>menn</strong></span> <span class='ocrx_word' id='word_1_2' title='bbox 581 103 603 147; x_wconf 90' lang='lat'><strong>1.</strong></span> <span class='ocrx_word' id='word_1_3' title='bbox 895 107 903 147; x_wconf 63' lang='lat' dir='ltr'><em>z</em></span> <span class='ocrx_word' id='word_1_4' title='bbox 947 94 983 149; x_wconf 80' lang='lat'><strong>79</strong></span> 
     </span>
    </p>
   </div>
   <div class='ocr_carea' id='block_1_2' title="bbox 76 219 983 1541">
    <p class='ocr_par' dir='ltr' id='par_1_2' title="bbox 76 219 983 1097">
     <span class='ocr_line' id='line_1_2' title="bbox 76 219 982 293; baseline -0.006 -13"><span class='ocrx_word' id='word_1_5' title='bbox 76 221 218 293; x_wconf 80' lang='lat' dir='ltr'><strong>evaluit⁴,</strong></span> <span class='ocrx_word' id='word_1_6' title='bbox 243 226 272 279; x_wconf 88' lang='lat' dir='ltr'><strong>et</strong></span> <span class='ocrx_word' id='word_1_7' title='bbox 286 220 348 278; x_wconf 84' lang='lat' dir='ltr'><strong>visa</strong></span> <span class='ocrx_word' id='word_1_8' title='bbox 363 220 438 278; x_wconf 88' lang='lat' dir='ltr'><strong>inter</strong></span> <span class='ocrx_word' id='word_1_9' title='bbox 452 220 625 279; x_wconf 89' lang='lat' dir='ltr'><strong>temulentos</strong></span> <span class='ocrx_word' id='word_1_10' title='bbox 644 236 725 276; x_wconf 85' lang='lat' dir='ltr'><strong>erma</strong></span> <span class='ocrx_word' id='word_1_11' title='bbox 740 220 901 292; x_wconf 80' lang='lat' dir='ltr'><strong>cupidinem</strong></span> <span class='ocrx_word' id='word_1_12' title='bbox 922 219 982 275; x_wconf 67' lang='lat' dir='ltr'><strong>sui⁵</strong></span> 
     </span>
     <span class='ocr_line' id='line_1_3' title="bbox 76 308 983 381; baseline -0.004 -14"><span class='ocrx_word' id='word_1_13' title='bbox 76 328 204 369; x_wconf 87' lang='lat' dir='ltr'><strong>movere.</strong></span> <span class='ocrx_word' id='word_1_14' title='bbox 219 311 328 369; x_wconf 82' lang='lat' dir='ltr'><strong>Fremit</strong></span> <span class='ocrx_word' id='word_1_15' title='bbox 342 310 425 367; x_wconf 89' lang='lat' dir='ltr'><strong>miles</strong></span> <span class='ocrx_word' id='word_1_16' title='bbox 441 314 470 367; x_wconf 91' lang='lat' dir='ltr'><strong>et</strong></span> <span class='ocrx_word' id='word_1_17' title='bbox 490 310 621 367; x_wconf 90' lang='lat' dir='ltr'><strong>tribunos</strong></span> <span class='ocrx_word' id='word_1_18' title='bbox 635 308 874 381; x_wconf 74' lang='lat' dir='ltr'><strong>centurionesque</strong></span> <span class='ocrx_word' id='word_1_19' title='bbox 887 308 983 380; x_wconf 94' lang='lat' dir='ltr'><strong>prodi-</strong></span> 
     </span>
     <span class='ocr_line' id='line_1_4' title="bbox 76 399 981 475; baseline -0.004 -17"><span class='ocrx_word' id='word_1_20' title='bbox 76 403 167 459; x_wconf 85' lang='lat' dir='ltr'><strong>tionis</strong></span> <span class='ocrx_word' id='word_1_21' title='bbox 191 402 297 475; x_wconf 82' lang='lat' dir='ltr'><strong>arguit,</strong></span> <span class='ocrx_word' id='word_1_22' title='bbox 328 406 465 474; x_wconf 83' lang='lat' dir='ltr'><strong>tanquam</strong></span> <span class='ocrx_word' id='word_1_23' title='bbox 487 400 622 456; x_wconf 66' lang='lat' dir='ltr'><strong>ramiliaess</strong></span> <span class='ocrx_word' id='word_1_24' title='bbox 643 403 808 457; x_wconf 84' lang='lat' dir='ltr'><strong>senatorum</strong></span> <span class='ocrx_word' id='word_1_25' title='bbox 828 401 864 456; x_wconf 83' lang='lat' dir='ltr'><strong>ad</strong></span> <span class='ocrx_word' id='word_1_26' title='bbox 890 399 981 471; x_wconf 88' lang='lat' dir='ltr'><strong>perni-</strong></span> 
     </span>
     <span class='ocr_line' id='line_1_5' title="bbox 76 488 981 561; baseline -0.004 -13"><span class='ocrx_word' id='word_1_27' title='bbox 76 492 151 548; x_wconf 89' lang='lat' dir='ltr'><strong>ciem</strong></span> <span class='ocrx_word' id='word_1_28' title='bbox 174 491 296 548; x_wconf 89' lang='lat' dir='ltr'><strong>Othonis</strong></span> <span class='ocrx_word' id='word_1_29' title='bbox 317 494 507 561; x_wconf 76' lang='lat' dir='ltr'><strong>armarentur,</strong></span> <span class='ocrx_word' id='word_1_30' title='bbox 530 505 597 561; x_wconf 90' lang='lat' dir='ltr'><strong>pars</strong></span> <span class='ocrx_word' id='word_1_31' title='bbox 618 489 711 561; x_wconf 81' lang='lat' dir='ltr'><strong>ignari</strong></span> <span class='ocrx_word' id='word_1_32' title='bbox 738 492 767 546; x_wconf 87' lang='lat' dir='ltr'><strong>et</strong></span> <span class='ocrx_word' id='word_1_33' title='bbox 785 488 851 545; x_wconf 88' lang='lat' dir='ltr'><strong>vino</strong></span> <span class='ocrx_word' id='word_1_34' title='bbox 868 504 981 561; x_wconf 77' lang='lat' dir='ltr'><strong>grance,</strong></span> 
     </span>
     <span class='ocr_line' id='line_1_6' title="bbox 77 577 983 653; baseline -0.007 -15"><span class='ocrx_word' id='word_1_35' title='bbox 77 581 223 653; x_wconf 88' lang='lat' dir='ltr'><strong>pessimus</strong></span> <span class='ocrx_word' id='word_1_36' title='bbox 237 579 357 652; x_wconf 88' lang='lat' dir='ltr'><strong>quisque</strong></span> <span class='ocrx_word' id='word_1_37' title='bbox 376 578 405 634; x_wconf 91' lang='lat' dir='ltr'><strong>in</strong></span> <span class='ocrx_word' id='word_1_38' title='bbox 418 577 596 636; x_wconf 83' lang='lat' dir='ltr'><strong>occasionem</strong></span> <span class='ocrx_word' id='word_1_39' title='bbox 616 579 776 649; x_wconf 85' lang='lat' dir='ltr'><strong>praederum</strong></span> <span class='ocrx_word' id='word_1_40' title='bbox 787 583 806 643; x_wconf 84' lang='lat'><strong>⁷,</strong></span> <span class='ocrx_word' id='word_1_41' title='bbox 823 578 936 650; x_wconf 81' lang='lat' dir='ltr'><strong>vulgus,</strong></span> <span class='ocrx_word' id='word_1_42' title='bbox 952 579 983 632; x_wconf 91' lang='lat' dir='ltr'><strong>nt</strong></span> 
     </span>
     <span class='ocr_line' id='line_1_7' title="bbox 77 665 983 741; baseline -0.006 -15"><span class='ocrx_word' id='word_1_43' title='bbox 77 686 142 726; x_wconf 87' lang='lat' dir='ltr'><strong>mos</strong></span> <span class='ocrx_word' id='word_1_44' title='bbox 157 672 210 736; x_wconf 85' lang='lat' dir='ltr'><strong>est,</strong></span> <span class='ocrx_word' id='word_1_45' title='bbox 227 668 432 741; x_wconf 88' lang='lat' dir='ltr'><strong>cujuscumque</strong></span> <span class='ocrx_word' id='word_1_46' title='bbox 444 672 540 724; x_wconf 87' lang='lat' dir='ltr'><strong>motus</strong></span> <span class='ocrx_word' id='word_1_47' title='bbox 556 666 622 723; x_wconf 83' lang='lat' dir='ltr'><strong>novi</strong></span> <span class='ocrx_word' id='word_1_48' title='bbox 635 666 786 738; x_wconf 85' lang='lat' dir='ltr'><strong>cupidum3</strong></span> <span class='ocrx_word' id='word_1_49' title='bbox 802 670 831 724; x_wconf 91' lang='lat' dir='ltr'><strong>et</strong></span> <span class='ocrx_word' id='word_1_50' title='bbox 845 665 983 739; x_wconf 88' lang='lat' dir='ltr'><strong>obsequia</strong></span> 
     </span>
     <span class='ocr_line' id='line_1_8' title="bbox 77 754 981 815; baseline -0.006 -1"><span class='ocrx_word' id='word_1_51' title='bbox 77 758 233 815; x_wconf 90' lang='lat' dir='ltr'><strong>meliorum</strong></span> <span class='ocrx_word' id='word_1_52' title='bbox 250 774 306 815; x_wconf 86' lang='lat' dir='ltr'><strong>nox</strong></span> <span class='ocrx_word' id='word_1_53' title='bbox 320 758 503 815; x_wconf 53' lang='lat' dir='ltr'><strong>abstuleram.</strong></span> <span class='ocrx_word' id='word_1_54' title='bbox 525 755 717 813; x_wconf 86' lang='lat' dir='ltr'><strong>Resistentem</strong></span> <span class='ocrx_word' id='word_1_55' title='bbox 736 755 870 812; x_wconf 80' lang='lat' dir='ltr'><strong>seditioni</strong></span> <span class='ocrx_word' id='word_1_56' title='bbox 887 754 981 811; x_wconf 91' lang='lat' dir='ltr'><strong>tribu-</strong></span> 
     </span>
     <span class='ocr_line' id='line_1_9' title="bbox 78 843 983 913; baseline -0.006 -10"><span class='ocrx_word' id='word_1_57' title='bbox 78 864 150 903; x_wconf 92' lang='lat' dir='ltr'><strong>num</strong></span> <span class='ocrx_word' id='word_1_58' title='bbox 173 850 203 903; x_wconf 89' lang='lat' dir='ltr'><strong>et</strong></span> <span class='ocrx_word' id='word_1_59' title='bbox 232 844 431 903; x_wconf 86' lang='lat' dir='ltr'><strong>severissimos</strong></span> <span class='ocrx_word' id='word_1_60' title='bbox 465 843 665 901; x_wconf 75' lang='lat' dir='ltr'><strong>centurionum</strong></span> <span class='ocrx_word' id='word_1_61' title='bbox 685 845 871 911; x_wconf 77' lang='lat' dir='ltr'><strong>obtruncant3</strong></span> <span class='ocrx_word' id='word_1_62' title='bbox 900 845 983 913; x_wconf 85' lang='lat' dir='ltr'><strong>rapte</strong></span> 
     </span>
     <span class='ocr_line' id='line_1_10' title="bbox 77 932 982 1005; baseline -0.003 -14"><span class='ocrx_word' id='word_1_63' title='bbox 77 952 170 1004; x_wconf 81' lang='lat' dir='ltr'><strong>erma,</strong></span> <span class='ocrx_word' id='word_1_64' title='bbox 191 934 290 991; x_wconf 88' lang='lat' dir='ltr'><strong>nudati</strong></span> <span class='ocrx_word' id='word_1_65' title='bbox 309 934 411 1005; x_wconf 78' lang='lat' dir='ltr'><strong>gladii;</strong></span> <span class='ocrx_word' id='word_1_66' title='bbox 431 932 588 990; x_wconf 86' lang='lat' dir='ltr'><strong>insidentes</strong></span> <span class='ocrx_word' id='word_1_67' title='bbox 609 932 711 1005; x_wconf 77' lang='lat' dir='ltr'><strong>equis⁹</strong></span> <span class='ocrx_word' id='word_1_68' title='bbox 725 932 826 988; x_wconf 91' lang='lat' dir='ltr'><strong>urbem</strong></span> <span class='ocrx_word' id='word_1_69' title='bbox 845 947 877 987; x_wconf 84' lang='lat' dir='ltr'><strong>ac</strong></span> <span class='ocrx_word' id='word_1_70' title='bbox 897 932 982 989; x_wconf 87' lang='lat' dir='ltr'>Pala-</span> 
     </span>
     <span class='ocr_line' id='line_1_11' title="bbox 78 1024 275 1097; baseline 0.005 -18"><span class='ocrx_word' id='word_1_71' title='bbox 78 1024 151 1079; x_wconf 90' lang='lat' dir='ltr'><strong>tium</strong></span> <span class='ocrx_word' id='word_1_72' title='bbox 165 1027 275 1097; x_wconf 88' lang='lat' dir='ltr'><strong>petunt.</strong></span> 
     </span>
    </p>

    <p class='ocr_par' dir='ltr' id='par_1_3' title="bbox 78 1109 982 1541">
     <span class='ocr_line' id='line_1_12' title="bbox 115 1109 980 1183; baseline 0 -16"><span class='ocrx_word' id='word_1_73' title='bbox 115 1112 234 1169; x_wconf 91' lang='lat' dir='ltr'>LXXXI.</span> <span class='ocrx_word' id='word_1_74' title='bbox 258 1112 328 1168; x_wconf 85' lang='lat' dir='ltr'><strong>Erat</strong></span> <span class='ocrx_word' id='word_1_75' title='bbox 348 1110 453 1168; x_wconf 90' lang='lat' dir='ltr'><strong>Othoni</strong></span> <span class='ocrx_word' id='word_1_76' title='bbox 473 1110 583 1168; x_wconf 89' lang='lat' dir='ltr'><strong>celebre</strong></span> <span class='ocrx_word' id='word_1_77' title='bbox 609 1109 770 1167; x_wconf 86' lang='lat' dir='ltr'><strong>convivium</strong></span> <span class='ocrx_word' id='word_1_78' title='bbox 791 1110 980 1183; x_wconf 87' lang='lat' dir='ltr'><strong>primoribus¹</strong></span> 
     </span>
     <span class='ocr_line' id='line_1_13' title="bbox 78 1199 982 1275; baseline -0.001 -17"><span class='ocrx_word' id='word_1_79' title='bbox 78 1201 193 1259; x_wconf 86' lang='lat' dir='ltr'><strong>seminis</strong></span> <span class='ocrx_word' id='word_1_80' title='bbox 206 1201 350 1275; x_wconf 71' lang='lat' dir='ltr'><strong>virisque,</strong></span> <span class='ocrx_word' id='word_1_81' title='bbox 368 1199 416 1274; x_wconf 92' lang='lat' dir='ltr'><strong>qui</strong></span> <span class='ocrx_word' id='word_1_82' title='bbox 432 1199 564 1272; x_wconf 72' lang='lat' dir='ltr'><strong>trepidi&#39;‚</strong></span> <span class='ocrx_word' id='word_1_83' title='bbox 577 1199 751 1257; x_wconf 83' lang='lat' dir='ltr'><strong>fortuitusne</strong></span> <span class='ocrx_word' id='word_1_84' title='bbox 762 1200 886 1256; x_wconf 90' lang='lat' dir='ltr'><strong>militum</strong></span> <span class='ocrx_word' id='word_1_85' title='bbox 902 1200 982 1257; x_wconf 82' lang='lat' dir='ltr'><strong>furor</strong></span> 
     </span>
     <span class='ocr_line' id='line_1_14' title="bbox 78 1290 981 1363; baseline -0.001 -16"><span class='ocrx_word' id='word_1_86' title='bbox 78 1308 115 1347; x_wconf 85' lang='lat' dir='ltr'><strong>an</strong></span> <span class='ocrx_word' id='word_1_87' title='bbox 131 1291 215 1347; x_wconf 90' lang='lat' dir='ltr'><strong>dolus</strong></span> <span class='ocrx_word' id='word_1_88' title='bbox 232 1290 424 1363; x_wconf 84' lang='lat' dir='ltr'><strong>imperatoris,</strong></span> <span class='ocrx_word' id='word_1_89' title='bbox 440 1306 557 1347; x_wconf 85' lang='lat' dir='ltr'><strong>manere</strong></span> <span class='ocrx_word' id='word_1_90' title='bbox 575 1306 608 1346; x_wconf 85' lang='lat' dir='ltr'><strong>nc</strong></span> <span class='ocrx_word' id='word_1_91' title='bbox 628 1290 801 1361; x_wconf 87' lang='lat' dir='ltr'><strong>deprehendi</strong></span> <span class='ocrx_word' id='word_1_92' title='bbox 823 1306 860 1346; x_wconf 81' lang='lat' dir='ltr'><strong>an</strong></span> <span class='ocrx_word' id='word_1_93' title='bbox 883 1290 981 1363; x_wconf 79' lang='lat' dir='ltr'><strong>fugere</strong></span> 
     </span>
     <span class='ocr_line' id='line_1_15' title="bbox 78 1377 982 1454; baseline -0.004 -17"><span class='ocrx_word' id='word_1_94' title='bbox 78 1384 108 1437; x_wconf 91' lang='lat' dir='ltr'><strong>et</strong></span> <span class='ocrx_word' id='word_1_95' title='bbox 123 1381 250 1454; x_wconf 86' lang='lat' dir='ltr'><strong>dispergi</strong></span> <span class='ocrx_word' id='word_1_96' title='bbox 267 1380 455 1453; x_wconf 85' lang='lat' dir='ltr'><strong>periculosius</strong></span> <span class='ocrx_word' id='word_1_97' title='bbox 478 1381 564 1445; x_wconf 80' lang='lat' dir='ltr'><strong>foret,</strong></span> <span class='ocrx_word' id='word_1_98' title='bbox 582 1379 667 1436; x_wconf 94' lang='lat' dir='ltr'><strong>modo</strong></span> <span class='ocrx_word' id='word_1_99' title='bbox 681 1377 872 1435; x_wconf 83' lang='lat' dir='ltr'><strong>constantiam</strong></span> <span class='ocrx_word' id='word_1_100' title='bbox 890 1378 982 1434; x_wconf 89' lang='lat' dir='ltr'><strong>simu-</strong></span> 
     </span>
     <span class='ocr_line' id='line_1_16' title="bbox 78 1466 982 1541; baseline -0.002 -18"><span class='ocrx_word' id='word_1_101' title='bbox 78 1469 150 1537; x_wconf 86' lang='lat' dir='ltr'><strong>lare,</strong></span> <span class='ocrx_word' id='word_1_102' title='bbox 167 1470 253 1526; x_wconf 90' lang='lat' dir='ltr'><strong>modo</strong></span> <span class='ocrx_word' id='word_1_103' title='bbox 266 1468 420 1525; x_wconf 76' lang='lat' dir='ltr'><strong>formidine</strong></span> <span class='ocrx_word' id='word_1_104' title='bbox 435 1468 557 1541; x_wconf 75' lang='lat' dir='ltr'><strong>detegi⁵,</strong></span> <span class='ocrx_word' id='word_1_105' title='bbox 574 1467 660 1523; x_wconf 91' lang='lat' dir='ltr'><strong>simul</strong></span> <span class='ocrx_word' id='word_1_106' title='bbox 675 1466 795 1523; x_wconf 85' lang='lat' dir='ltr'><strong>Othonis</strong></span> <span class='ocrx_word' id='word_1_107' title='bbox 810 1468 922 1522; x_wconf 79' lang='lat' dir='ltr'><strong>vultum</strong></span> <span class='ocrx_word' id='word_1_108' title='bbox 935 1466 982 1522; x_wconf 91' lang='lat' dir='ltr'><strong>in-</strong></span> 
     </span>
    </p>
   </div>
   <div class='ocr_carea' id='block_1_3' title="bbox 2 1556 980 1712">
    <p class='ocr_par' dir='ltr' id='par_1_4' title="bbox 2 1556 980 1712">
     <span class='ocr_line' id='line_1_17' title="bbox 78 1556 977 1631; baseline -0.003 -16"><span class='ocrx_word' id='word_1_109' title='bbox 78 1558 173 1628; x_wconf 70' lang='lat' dir='ltr'><strong>tueri,</strong></span> <span class='ocrx_word' id='word_1_110' title='bbox 189 1560 277 1631; x_wconf 84' lang='lat' dir='ltr'><strong>utque</strong></span> <span class='ocrx_word' id='word_1_111' title='bbox 296 1558 390 1615; x_wconf 89' lang='lat' dir='ltr'><strong>evenit</strong></span> <span class='ocrx_word' id='word_1_112' title='bbox 405 1556 547 1614; x_wconf 85' lang='lat' dir='ltr'><strong>inclinetis</strong></span> <span class='ocrx_word' id='word_1_113' title='bbox 568 1557 603 1613; x_wconf 85' lang='lat' dir='ltr'><strong>ad</strong></span> <span class='ocrx_word' id='word_1_114' title='bbox 617 1556 809 1629; x_wconf 90' lang='lat' dir='ltr'><strong>suspicionem</strong></span> <span class='ocrx_word' id='word_1_115' title='bbox 823 1557 977 1626; x_wconf 89' lang='lat' dir='ltr'><strong>mentibus,</strong></span> 
     </span>
     <span class='ocr_line' id='line_1_18' title="bbox 2 1640 980 1712; baseline -0.003 -13"><span class='ocrx_word' id='word_1_116' title='bbox 2 1702 3 1705; x_wconf 60' lang='grc'>,</span> <span class='ocrx_word' id='word_1_117' title='bbox 78 1660 144 1699; x_wconf 91' lang='lat' dir='ltr'><strong>cum</strong></span> <span class='ocrx_word' id='word_1_118' title='bbox 157 1643 271 1699; x_wconf 89' lang='lat' dir='ltr'><strong>timeret</strong></span> <span class='ocrx_word' id='word_1_119' title='bbox 294 1642 378 1712; x_wconf 88' lang='lat' dir='ltr'><strong>Otho,</strong></span> <span class='ocrx_word' id='word_1_120' title='bbox 394 1640 578 1699; x_wconf 81' lang='lat' dir='ltr'><strong>timebatur⁴.</strong></span> <span class='ocrx_word' id='word_1_121' title='bbox 605 1642 661 1699; x_wconf 91' lang='lat' dir='ltr'><strong>Sed</strong></span> <span class='ocrx_word' id='word_1_122' title='bbox 678 1641 754 1697; x_wconf 88' lang='lat' dir='ltr'><strong>haud</strong></span> <span class='ocrx_word' id='word_1_123' title='bbox 778 1658 858 1698; x_wconf 91' lang='lat' dir='ltr'><strong>secus</strong></span> <span class='ocrx_word' id='word_1_124' title='bbox 882 1641 980 1697; x_wconf 86' lang='lat' dir='ltr'><strong>discri-</strong></span> 
     </span>
    </p>
   </div>
   <div class='ocr_carea' id='block_1_4' title="bbox 76 1729 981 2160">
    <p class='ocr_par' dir='ltr' id='par_1_5' title="bbox 76 1729 981 2160">
     <span class='ocr_line' id='line_1_19' title="bbox 77 1729 979 1804; baseline -0.006 -15"><span class='ocrx_word' id='word_1_125' title='bbox 77 1732 154 1789; x_wconf 92' lang='lat' dir='ltr'><strong>minc</strong></span> <span class='ocrx_word' id='word_1_126' title='bbox 171 1734 288 1789; x_wconf 85' lang='lat' dir='ltr'><strong>senatus</strong></span> <span class='ocrx_word' id='word_1_127' title='bbox 309 1748 395 1804; x_wconf 86' lang='lat' dir='ltr'><strong>quam</strong></span> <span class='ocrx_word' id='word_1_128' title='bbox 412 1748 463 1788; x_wconf 88' lang='lat' dir='ltr'><strong>suo</strong></span> <span class='ocrx_word' id='word_1_129' title='bbox 485 1731 604 1788; x_wconf 86' lang='lat' dir='ltr'><strong>territus</strong></span> <span class='ocrx_word' id='word_1_130' title='bbox 626 1735 655 1787; x_wconf 90' lang='lat' dir='ltr'><strong>et</strong></span> <span class='ocrx_word' id='word_1_131' title='bbox 676 1732 823 1801; x_wconf 82' lang='lat' dir='ltr'><strong>praeiectos</strong></span> <span class='ocrx_word' id='word_1_132' title='bbox 837 1729 979 1801; x_wconf 77' lang='lat' dir='ltr'><strong>praetorii⁵</strong></span> 
     </span>
     <span class='ocr_line' id='line_1_20' title="bbox 77 1818 980 1893; baseline -0.004 -14"><span class='ocrx_word' id='word_1_133' title='bbox 77 1823 114 1879; x_wconf 84' lang='lat' dir='ltr'><strong>ad</strong></span> <span class='ocrx_word' id='word_1_134' title='bbox 130 1820 303 1893; x_wconf 82' lang='lat' dir='ltr'><strong>mitigandas</strong></span> <span class='ocrx_word' id='word_1_135' title='bbox 321 1821 446 1879; x_wconf 89' lang='lat' dir='ltr'><strong>militum</strong></span> <span class='ocrx_word' id='word_1_136' title='bbox 462 1821 519 1877; x_wconf 80' lang='lat' dir='ltr'><strong>iras</strong></span> <span class='ocrx_word' id='word_1_137' title='bbox 533 1820 631 1877; x_wconf 86' lang='lat' dir='ltr'><strong>stetim</strong></span> <span class='ocrx_word' id='word_1_138' title='bbox 642 1819 760 1876; x_wconf 86' lang='lat' dir='ltr'><strong>miserat</strong></span> <span class='ocrx_word' id='word_1_139' title='bbox 775 1822 804 1875; x_wconf 90' lang='lat' dir='ltr'><strong>et</strong></span> <span class='ocrx_word' id='word_1_140' title='bbox 818 1818 897 1873; x_wconf 85' lang='lat' dir='ltr'><strong>abire</strong></span> <span class='ocrx_word' id='word_1_141' title='bbox 911 1835 980 1890; x_wconf 92' lang='lat' dir='ltr'><strong>pro-</strong></span> 
     </span>
     <span class='ocr_line' id='line_1_21' title="bbox 76 1906 981 1982; baseline -0.003 -16"><span class='ocrx_word' id='word_1_142' title='bbox 76 1926 145 1982; x_wconf 88' lang='lat' dir='ltr'><strong>pere</strong></span> <span class='ocrx_word' id='word_1_143' title='bbox 167 1924 266 1965; x_wconf 90' lang='lat' dir='ltr'><strong>omnes</strong></span> <span class='ocrx_word' id='word_1_144' title='bbox 288 1926 304 1965; x_wconf 92' lang='lat' dir='ltr'><strong>e</strong></span> <span class='ocrx_word' id='word_1_145' title='bbox 321 1908 450 1967; x_wconf 89' lang='lat' dir='ltr'><strong>convivio</strong></span> <span class='ocrx_word' id='word_1_146' title='bbox 462 1908 560 1982; x_wconf 84' lang='lat' dir='ltr'><strong>jussit.</strong></span> <span class='ocrx_word' id='word_1_147' title='bbox 576 1908 648 1964; x_wconf 88' lang='lat' dir='ltr'><strong>Tum</strong></span> <span class='ocrx_word' id='word_1_148' title='bbox 664 1923 732 1964; x_wconf 89' lang='lat' dir='ltr'><strong>vero</strong></span> <span class='ocrx_word' id='word_1_149' title='bbox 752 1906 859 1979; x_wconf 85' lang='lat' dir='ltr'><strong>passim</strong></span> <span class='ocrx_word' id='word_1_150' title='bbox 873 1907 981 1979; x_wconf 85' lang='lat' dir='ltr'><strong>magis-</strong></span> 
     </span>
     <span class='ocr_line' id='line_1_22' title="bbox 76 1996 979 2073; baseline -0.006 -17"><span class='ocrx_word' id='word_1_151' title='bbox 76 2002 171 2056; x_wconf 86' lang='lat' dir='ltr'><strong>tratus</strong></span> <span class='ocrx_word' id='word_1_152' title='bbox 183 1997 317 2071; x_wconf 86' lang='lat' dir='ltr'><strong>projectis</strong></span> <span class='ocrx_word' id='word_1_153' title='bbox 330 1996 502 2073; x_wconf 83' lang='lat' dir='ltr'><strong>insignibus,</strong></span> <span class='ocrx_word' id='word_1_154' title='bbox 515 1998 604 2055; x_wconf 85' lang='lat' dir='ltr'><strong>vitata</strong></span> <span class='ocrx_word' id='word_1_155' title='bbox 615 1996 774 2053; x_wconf 73' lang='lat' dir='ltr'><strong>comitum⁸</strong></span> <span class='ocrx_word' id='word_1_156' title='bbox 788 1999 817 2052; x_wconf 92' lang='lat' dir='ltr'><strong>et</strong></span> <span class='ocrx_word' id='word_1_157' title='bbox 830 2012 979 2053; x_wconf 87' lang='lat' dir='ltr'><strong>servorum</strong></span> 
     </span>
     <span class='ocr_line' id='line_1_23' title="bbox 77 2085 979 2160; baseline -0.003 -16"><span class='ocrx_word' id='word_1_158' title='bbox 77 2086 248 2160; x_wconf 79' lang='lat' dir='ltr'><strong>frequentin,</strong></span> <span class='ocrx_word' id='word_1_159' title='bbox 264 2104 346 2145; x_wconf 88' lang='lat' dir='ltr'><strong>senes</strong></span> <span class='ocrx_word' id='word_1_160' title='bbox 360 2087 529 2160; x_wconf 80' lang='lat' dir='ltr'><strong>seminaeque</strong></span> <span class='ocrx_word' id='word_1_161' title='bbox 542 2101 594 2159; x_wconf 90' lang='lat' dir='ltr'><strong>per</strong></span> <span class='ocrx_word' id='word_1_162' title='bbox 608 2086 741 2143; x_wconf 81' lang='lat' dir='ltr'><strong>tenebras</strong></span> <span class='ocrx_word' id='word_1_163' title='bbox 756 2085 887 2142; x_wconf 59' lang='lat' dir='ltr'><strong>diversae</strong></span> <span class='ocrx_word' id='word_1_164' title='bbox 899 2086 979 2142; x_wconf 87' lang='lat' dir='ltr'><strong>urbis</strong></span> 
     </span>
    </p>
   </div>
   <div class='ocr_carea' id='block_1_5' title="bbox 75 2333 980 2450">
    <p class='ocr_par' dir='ltr' id='par_1_6' title="bbox 75 2333 980 2450">
     <span class='ocr_line' id='line_1_24' title="bbox 75 2333 980 2391; baseline -0.003 -11"><span class='ocrx_word' id='word_1_165' title='bbox 75 2343 95 2380; x_wconf 78' lang='lat' dir='ltr'><strong>t.</strong></span> <span class='ocrx_word' id='word_1_166' title='bbox 109 2336 245 2388; x_wconf 73' lang='lat' dir='ltr'><strong>coalescere,</strong></span> <span class='ocrx_word' id='word_1_167' title='bbox 263 2348 317 2391; x_wconf 92' lang='lat' dir='ltr'><strong>pour</strong></span> <span class='ocrx_word' id='word_1_168' title='bbox 333 2337 434 2389; x_wconf 75' lang='lat' dir='ltr'><strong>intendi,</strong></span> <span class='ocrx_word' id='word_1_169' title='bbox 450 2350 498 2391; x_wconf 79' lang='lat' dir='ltr'><strong>roy.</strong></span> <span class='ocrx_word' id='word_1_170' title='bbox 530 2383 532 2388; x_wconf 61' lang='grc'><strong>,</strong></span> <span class='ocrx_word' id='word_1_171' title='bbox 555 2348 609 2389; x_wconf 79' lang='lat' dir='ltr'><strong>rung</strong></span> <span class='ocrx_word' id='word_1_172' title='bbox 623 2333 744 2377; x_wconf 74' lang='lat' dir='ltr'><strong>senatorial.</strong></span> <span class='ocrx_word' id='word_1_173' title='bbox 757 2356 785 2366; x_wconf 91' lang='lat'><em>-</em></span> <span class='ocrx_word' id='word_1_174' title='bbox 799 2340 820 2376; x_wconf 79' lang='lat'><strong>2.</strong></span> <span class='ocrx_word' id='word_1_175' title='bbox 838 2334 934 2386; x_wconf 78' lang='lat' dir='ltr'><strong>trepidi,</strong></span> <span class='ocrx_word' id='word_1_176' title='bbox 952 2334 980 2377; x_wconf 89' lang='lat' dir='ltr'><strong>iis</strong></span> 
     </span>
     <span class='ocr_line' id='line_1_25' title="bbox 75 2394 980 2450; baseline 0 -12"><span class='ocrx_word' id='word_1_177' title='bbox 75 2398 141 2439; x_wconf 82' lang='lat' dir='ltr'><strong>Rem.</strong></span> <span class='ocrx_word' id='word_1_178' title='bbox 158 2403 177 2447; x_wconf 83' lang='lat'><strong>1,</strong></span> <span class='ocrx_word' id='word_1_179' title='bbox 192 2408 212 2447; x_wconf 86' lang='lat' dir='ltr'><strong>c,</strong></span> <span class='ocrx_word' id='word_1_180' title='bbox 229 2402 250 2439; x_wconf 89' lang='lat' dir='ltr'><strong>et</strong></span> <span class='ocrx_word' id='word_1_181' title='bbox 264 2402 284 2439; x_wconf 79' lang='lat'><strong>2.</strong></span> <span class='ocrx_word' id='word_1_182' title='bbox 294 2418 321 2427; x_wconf 87' lang='lat'>—</span> <span class='ocrx_word' id='word_1_183' title='bbox 333 2402 351 2439; x_wconf 79' lang='lat'><strong>5.</strong></span> <span class='ocrx_word' id='word_1_184' title='bbox 363 2397 500 2450; x_wconf 82' lang='lat' dir='ltr'><strong>cupidinem</strong></span> <span class='ocrx_word' id='word_1_185' title='bbox 554 2410 578 2441; x_wconf 81' lang='lat' dir='ltr'><strong>se</strong></span> <span class='ocrx_word' id='word_1_186' title='bbox 593 2395 743 2439; x_wconf 74' lang='lat' dir='ltr'><strong>densandaient</strong></span> <span class='ocrx_word' id='word_1_187' title='bbox 766 2394 820 2437; x_wconf 81' lang='lat' dir='ltr'><strong>dans</strong></span> <span class='ocrx_word' id='word_1_188' title='bbox 838 2396 885 2437; x_wconf 90' lang='lat' dir='ltr'><strong>leur</strong></span> <span class='ocrx_word' id='word_1_189' title='bbox 899 2394 980 2438; x_wconf 78' lang='lat' dir='ltr'><strong>edere-</strong></span> 
     </span>
    </p>
   </div>
   <div class='ocr_carea' id='block_1_6' title="bbox 72 2458 980 3077">
    <p class='ocr_par' dir='ltr' id='par_1_7' title="bbox 72 2458 980 2949">
     <span class='ocr_line' id='line_1_26' title="bbox 74 2458 980 2512; baseline -0.002 -11"><span class='ocrx_word' id='word_1_190' title='bbox 74 2460 124 2510; x_wconf 82' lang='lat' dir='ltr'><strong>sui,</strong></span> <span class='ocrx_word' id='word_1_191' title='bbox 135 2470 184 2512; x_wconf 80' lang='lat' dir='ltr'><strong>noy.</strong></span> <span class='ocrx_word' id='word_1_192' title='bbox 192 2459 256 2502; x_wconf 83' lang='lat' dir='ltr'><strong>Rem.</strong></span> <span class='ocrx_word' id='word_1_193' title='bbox 266 2462 311 2501; x_wconf 76' lang='lat' dir='ltr'><strong>tte.</strong></span> <span class='ocrx_word' id='word_1_194' title='bbox 319 2463 370 2501; x_wconf 80' lang='grc' dir='ltr'><strong>-ϋ,</strong></span> <span class='ocrx_word' id='word_1_195' title='bbox 379 2464 499 2512; x_wconf 79' lang='lat' dir='ltr'><strong>tauquam,</strong></span> <span class='ocrx_word' id='word_1_196' title='bbox 554 2465 622 2511; x_wconf 87' lang='lat' dir='ltr'><strong>ment,</strong></span> <span class='ocrx_word' id='word_1_197' title='bbox 632 2458 686 2501; x_wconf 78' lang='lat' dir='ltr'><strong>si...</strong></span> <span class='ocrx_word' id='word_1_198' title='bbox 697 2482 724 2490; x_wconf 96' lang='lat'>-</span> <span class='ocrx_word' id='word_1_199' title='bbox 734 2464 754 2502; x_wconf 79' lang='lat'><strong>3.</strong></span> <span class='ocrx_word' id='word_1_200' title='bbox 768 2458 842 2512; x_wconf 69' lang='lat' dir='ltr'><strong>decepi</strong></span> <span class='ocrx_word' id='word_1_201' title='bbox 851 2472 877 2495; x_wconf 90' lang='lat'>=</span> <span class='ocrx_word' id='word_1_202' title='bbox 886 2468 911 2497; x_wconf 86' lang='lat' dir='ltr'><strong>se</strong></span> <span class='ocrx_word' id='word_1_203' title='bbox 920 2468 980 2510; x_wconf 79' lang='lat' dir='ltr'><strong>pro-</strong></span> 
     </span>
     <span class='ocr_line' id='line_1_27' title="bbox 75 2519 979 2575; baseline 0.001 -12"><span class='ocrx_word' id='word_1_204' title='bbox 75 2521 102 2563; x_wconf 82' lang='lat' dir='ltr'><strong>ci.</strong></span> <span class='ocrx_word' id='word_1_205' title='bbox 115 2520 149 2563; x_wconf 90' lang='lat' dir='ltr'><strong>ch.</strong></span> <span class='ocrx_word' id='word_1_206' title='bbox 163 2532 255 2573; x_wconf 78' lang='lat' dir='ltr'><strong>cxxviii,</strong></span> <span class='ocrx_word' id='word_1_207' title='bbox 263 2531 283 2563; x_wconf 92' lang='lat' dir='ltr'><strong>n.</strong></span> <span class='ocrx_word' id='word_1_208' title='bbox 295 2526 320 2570; x_wconf 84' lang='lat'><strong>7;</strong></span> <span class='ocrx_word' id='word_1_209' title='bbox 333 2521 441 2571; x_wconf 73' lang='lat' dir='ltr'><strong>fumiiiae,</strong></span> <span class='ocrx_word' id='word_1_210' title='bbox 451 2533 499 2575; x_wconf 75' lang='lat' dir='ltr'><strong>roy.</strong></span> <span class='ocrx_word' id='word_1_211' title='bbox 555 2525 616 2566; x_wconf 80' lang='lat' dir='ltr'><strong>dere.</strong></span> <span class='ocrx_word' id='word_1_212' title='bbox 629 2544 656 2553; x_wconf 90' lang='lat'>—</span> <span class='ocrx_word' id='word_1_213' title='bbox 666 2525 687 2563; x_wconf 78' lang='lat'><strong>4.</strong></span> <span class='ocrx_word' id='word_1_214' title='bbox 703 2521 837 2569; x_wconf 80' lang='lat' dir='ltr'><strong>timebatur,</strong></span> <span class='ocrx_word' id='word_1_215' title='bbox 850 2519 979 2574; x_wconf 80' lang='lat' dir='ltr'><strong>Plutsrque,</strong></span> 
     </span>
     <span class='ocr_line' id='line_1_28' title="bbox 74 2582 978 2637; baseline 0 -10"><span class='ocrx_word' id='word_1_216' title='bbox 74 2584 140 2627; x_wconf 78' lang='lat' dir='ltr'><strong>Rern.</strong></span> <span class='ocrx_word' id='word_1_217' title='bbox 160 2588 206 2627; x_wconf 78' lang='lat'><strong>142.</strong></span> <span class='ocrx_word' id='word_1_218' title='bbox 225 2604 253 2614; x_wconf 90' lang='lat'>-</span> <span class='ocrx_word' id='word_1_219' title='bbox 266 2587 286 2625; x_wconf 88' lang='grc'><strong>7.</strong></span> <span class='ocrx_word' id='word_1_220' title='bbox 306 2582 334 2623; x_wconf 79' lang='lat' dir='ltr'><strong>in</strong></span> <span class='ocrx_word' id='word_1_221' title='bbox 355 2585 501 2627; x_wconf 80' lang='lat' dir='ltr'><strong>occasionem</strong></span> <span class='ocrx_word' id='word_1_222' title='bbox 555 2587 571 2629; x_wconf 79' lang='lat' dir='ltr'><strong>l.</strong></span> <span class='ocrx_word' id='word_1_223' title='bbox 583 2587 606 2637; x_wconf 84' lang='lat' dir='ltr'><strong>t,</strong></span> <span class='ocrx_word' id='word_1_224' title='bbox 617 2589 690 2628; x_wconf 85' lang='lat' dir='ltr'><strong>sescrt</strong></span> <span class='ocrx_word' id='word_1_225' title='bbox 699 2585 737 2627; x_wconf 87' lang='lat' dir='ltr'><strong>d&#39;es</strong></span> <span class='ocrx_word' id='word_1_226' title='bbox 747 2584 825 2626; x_wconf 73' lang='lat' dir='ltr'><strong>memes</strong></span> <span class='ocrx_word' id='word_1_227' title='bbox 835 2582 978 2637; x_wconf 85' lang='lat' dir='ltr'><strong>expressions,</strong></span> 
     </span>
     <span class='ocr_line' id='line_1_29' title="bbox 72 2644 979 2699; baseline 0.002 -12"><span class='ocrx_word' id='word_1_228' title='bbox 72 2646 222 2699; x_wconf 57' lang='lat' dir='ltr'><strong>praedarum,</strong></span> <span class='ocrx_word' id='word_1_229' title='bbox 239 2655 287 2697; x_wconf 75' lang='lat' dir='ltr'><strong>vop.</strong></span> <span class='ocrx_word' id='word_1_230' title='bbox 303 2644 367 2687; x_wconf 82' lang='lat' dir='ltr'><strong>Rem.</strong></span> <span class='ocrx_word' id='word_1_231' title='bbox 385 2651 418 2689; x_wconf 84' lang='grc'><strong>75.</strong></span> <span class='ocrx_word' id='word_1_232' title='bbox 435 2670 462 2678; x_wconf 96' lang='grc'>-</span> <span class='ocrx_word' id='word_1_233' title='bbox 480 2654 499 2691; x_wconf 78' lang='lat' dir='ltr'><strong>s.</strong></span> <span class='ocrx_word' id='word_1_234' title='bbox 555 2644 609 2688; x_wconf 84' lang='lat' dir='ltr'><strong>meis</strong></span> <span class='ocrx_word' id='word_1_235' title='bbox 623 2646 642 2687; x_wconf 89' lang='lat' dir='ltr'><strong>le</strong></span> <span class='ocrx_word' id='word_1_236' title='bbox 652 2645 737 2687; x_wconf 77' lang='lat' dir='ltr'><strong>tubicen</strong></span> <span class='ocrx_word' id='word_1_237' title='bbox 754 2645 806 2699; x_wconf 85' lang='lat' dir='ltr'><strong>qu&#39;il</strong></span> <span class='ocrx_word' id='word_1_238' title='bbox 819 2650 875 2687; x_wconf 75' lang='lat' dir='ltr'><strong>truce</strong></span> <span class='ocrx_word' id='word_1_239' title='bbox 889 2645 979 2689; x_wconf 81' lang='lat' dir='ltr'><strong>decette</strong></span> 
     </span>
     <span class='ocr_line' id='line_1_30' title="bbox 74 2705 979 2766; baseline 0.001 -16"><span class='ocrx_word' id='word_1_240' title='bbox 74 2708 180 2759; x_wconf 70' lang='lat' dir='ltr'><strong>auferre,</strong></span> <span class='ocrx_word' id='word_1_241' title='bbox 195 2705 271 2749; x_wconf 89' lang='lat' dir='ltr'><strong>rendre</strong></span> <span class='ocrx_word' id='word_1_242' title='bbox 287 2705 418 2761; x_wconf 84' lang='lat' dir='ltr'><strong>impossible.</strong></span> <span class='ocrx_word' id='word_1_243' title='bbox 436 2732 463 2740; x_wconf 93' lang='lat'>—</span> <span class='ocrx_word' id='word_1_244' title='bbox 480 2715 499 2753; x_wconf 80' lang='lat'><strong>9.</strong></span> <span class='ocrx_word' id='word_1_245' title='bbox 555 2711 617 2752; x_wconf 76' lang='lat' dir='ltr'><strong>scene</strong></span> <span class='ocrx_word' id='word_1_246' title='bbox 637 2709 802 2764; x_wconf 77' lang='lat' dir='ltr'><strong>tragicomique</strong></span> <span class='ocrx_word' id='word_1_247' title='bbox 818 2715 851 2752; x_wconf 80' lang='lat' dir='ltr'><strong>cst</strong></span> <span class='ocrx_word' id='word_1_248' title='bbox 863 2709 912 2751; x_wconf 85' lang='lat' dir='ltr'><strong>bien</strong></span> <span class='ocrx_word' id='word_1_249' title='bbox 931 2710 979 2766; x_wconf 75' lang='lat' dir='ltr'><strong>pite</strong></span> 
     </span>
     <span class='ocr_line' id='line_1_31' title="bbox 73 2768 976 2826; baseline 0.002 -13"><span class='ocrx_word' id='word_1_250' title='bbox 73 2770 254 2823; x_wconf 59' lang='lat' dir='ltr'><strong>concinebamus</strong></span> <span class='ocrx_word' id='word_1_251' title='bbox 266 2768 303 2811; x_wconf 87' lang='lat' dir='ltr'><strong>des</strong></span> <span class='ocrx_word' id='word_1_252' title='bbox 316 2769 416 2813; x_wconf 88' lang='lat' dir='ltr'><strong>cobortes</strong></span> <span class='ocrx_word' id='word_1_253' title='bbox 427 2772 499 2826; x_wconf 79' lang='lat' dir='ltr'><strong>preto·</strong></span> <span class='ocrx_word' id='word_1_254' title='bbox 556 2773 568 2813; x_wconf 77' lang='lat' dir='ltr'><strong>h</strong></span> <span class='ocrx_word' id='word_1_255' title='bbox 584 2772 631 2814; x_wconf 80' lang='lat' dir='ltr'><strong>cdod</strong></span> <span class='ocrx_word' id='word_1_256' title='bbox 650 2772 676 2814; x_wconf 87' lang='lat' dir='ltr'><strong>de</strong></span> <span class='ocrx_word' id='word_1_257' title='bbox 694 2772 750 2815; x_wconf 88' lang='lat' dir='ltr'><strong>celui</strong></span> <span class='ocrx_word' id='word_1_258' title='bbox 768 2772 795 2814; x_wconf 86' lang='lat' dir='ltr'><strong>de</strong></span> <span class='ocrx_word' id='word_1_259' title='bbox 811 2771 891 2815; x_wconf 76' lang='lat' dir='ltr'><strong>Tacite.</strong></span> <span class='ocrx_word' id='word_1_260' title='bbox 911 2795 938 2803; x_wconf 91' lang='lat'>—</span> <span class='ocrx_word' id='word_1_261' title='bbox 958 2778 976 2815; x_wconf 79' lang='lat'><strong>5.</strong></span> 
     </span>
     <span class='ocr_line' id='line_1_32' title="bbox 75 2828 979 2889; baseline 0.001 -15"><span class='ocrx_word' id='word_1_262' title='bbox 75 2833 161 2874; x_wconf 87' lang='lat' dir='ltr'><strong>riennes</strong></span> <span class='ocrx_word' id='word_1_263' title='bbox 174 2828 232 2873; x_wconf 81' lang='lat' dir='ltr'><strong>erait</strong></span> <span class='ocrx_word' id='word_1_264' title='bbox 244 2840 273 2872; x_wconf 92' lang='lat' dir='ltr'><strong>un</strong></span> <span class='ocrx_word' id='word_1_265' title='bbox 286 2828 340 2883; x_wconf 86' lang='lat' dir='ltr'><strong>petit</strong></span> <span class='ocrx_word' id='word_1_266' title='bbox 352 2844 414 2889; x_wconf 88' lang='lat' dir='ltr'><strong>corps</strong></span> <span class='ocrx_word' id='word_1_267' title='bbox 430 2832 456 2877; x_wconf 85' lang='lat' dir='ltr'><strong>de</strong></span> <span class='ocrx_word' id='word_1_268' title='bbox 468 2846 502 2877; x_wconf 82' lang='lat' dir='ltr'><strong>ca·</strong></span> <span class='ocrx_word' id='word_1_269' title='bbox 553 2835 675 2887; x_wconf 74' lang='lat' dir='ltr'><strong>prefectos</strong></span> <span class='ocrx_word' id='word_1_270' title='bbox 692 2835 808 2888; x_wconf 68' lang='lat' dir='ltr'><strong>pretorii,</strong></span> <span class='ocrx_word' id='word_1_271' title='bbox 823 2833 909 2877; x_wconf 84' lang='lat' dir='ltr'><strong>Plotius</strong></span> <span class='ocrx_word' id='word_1_272' title='bbox 928 2834 979 2876; x_wconf 85' lang='lat' dir='ltr'><strong>Fir-</strong></span> 
     </span>
     <span class='ocr_line' id='line_1_33' title="bbox 73 2894 977 2949; baseline 0 -11"><span class='ocrx_word' id='word_1_273' title='bbox 73 2894 162 2938; x_wconf 76' lang='lat' dir='ltr'><strong>ralcrie.</strong></span> <span class='ocrx_word' id='word_1_274' title='bbox 556 2908 605 2939; x_wconf 91' lang='lat' dir='ltr'><strong>mus</strong></span> <span class='ocrx_word' id='word_1_275' title='bbox 614 2902 634 2939; x_wconf 86' lang='lat' dir='ltr'><strong>et</strong></span> <span class='ocrx_word' id='word_1_276' title='bbox 642 2896 741 2940; x_wconf 87' lang='lat' dir='ltr'><strong>Licinius</strong></span> <span class='ocrx_word' id='word_1_277' title='bbox 752 2897 867 2949; x_wconf 90' lang='lat' dir='ltr'><strong>Proculus,</strong></span> <span class='ocrx_word' id='word_1_278' title='bbox 875 2897 909 2939; x_wconf 92' lang='lat' dir='ltr'><strong>cb.</strong></span> <span class='ocrx_word' id='word_1_279' title='bbox 917 2908 977 2946; x_wconf 80' lang='lat' dir='ltr'><strong>xnvr,</strong></span> 
     </span>
    </p>

    <p class='ocr_par' dir='ltr' id='par_1_8' title="bbox 73 2956 978 3077">
     <span class='ocr_line' id='line_1_34' title="bbox 101 2956 978 3011; baseline 0 -10"><span class='ocrx_word' id='word_1_280' title='bbox 101 2956 202 3001; x_wconf 87' lang='lat' dir='ltr'>LXXXI.</span> <span class='ocrx_word' id='word_1_281' title='bbox 217 2966 236 3004; x_wconf 84' lang='lat' dir='ltr'><strong>t.</strong></span> <span class='ocrx_word' id='word_1_282' title='bbox 249 2962 344 3011; x_wconf 76' lang='lat' dir='ltr'><strong>celebre,</strong></span> <span class='ocrx_word' id='word_1_283' title='bbox 354 2960 386 3003; x_wconf 85' lang='lat' dir='ltr'><strong>les</strong></span> <span class='ocrx_word' id='word_1_284' title='bbox 399 2960 501 3004; x_wconf 74' lang='lat' dir='ltr'><strong>connives</strong></span> <span class='ocrx_word' id='word_1_285' title='bbox 554 2960 609 3001; x_wconf 76' lang='lat' dir='ltr'><strong>init.</strong></span> <span class='ocrx_word' id='word_1_286' title='bbox 639 2984 666 2991; x_wconf 89' lang='lat'>—</span> <span class='ocrx_word' id='word_1_287' title='bbox 690 2966 710 3002; x_wconf 79' lang='lat' dir='ltr'><strong>o.</strong></span> <span class='ocrx_word' id='word_1_288' title='bbox 732 2961 854 3011; x_wconf 78' lang='lat' dir='ltr'><strong>comitum,</strong></span> <span class='ocrx_word' id='word_1_289' title='bbox 880 2971 903 3001; x_wconf 86' lang='lat' dir='ltr'><strong>ce</strong></span> <span class='ocrx_word' id='word_1_290' title='bbox 928 2964 978 3001; x_wconf 81' lang='lat' dir='ltr'><strong>sont</strong></span> 
     </span>
     <span class='ocr_line' id='line_1_35' title="bbox 73 3018 978 3077; baseline 0.001 -17"><span class='ocrx_word' id='word_1_291' title='bbox 73 3018 155 3061; x_wconf 72' lang='lat' dir='ltr'><strong>etaient</strong></span> <span class='ocrx_word' id='word_1_292' title='bbox 168 3022 333 3075; x_wconf 76' lang='lat' dir='ltr'><strong>quatre-ringis,</strong></span> <span class='ocrx_word' id='word_1_293' title='bbox 351 3022 434 3077; x_wconf 75' lang='lat' dir='ltr'><strong>d&#39;aprds</strong></span> <span class='ocrx_word' id='word_1_294' title='bbox 449 3024 502 3066; x_wconf 87' lang='lat' dir='ltr'><strong>Plu·</strong></span> <span class='ocrx_word' id='word_1_295' title='bbox 555 3021 614 3063; x_wconf 85' lang='lat' dir='ltr'><strong>leurs</strong></span> <span class='ocrx_word' id='word_1_296' title='bbox 628 3020 706 3063; x_wconf 86' lang='lat' dir='ltr'><strong>clients</strong></span> <span class='ocrx_word' id='word_1_297' title='bbox 718 3020 941 3065; x_wconf 80' lang='lat' dir='ltr'><strong>outeursnitranchis.</strong></span> <span class='ocrx_word' id='word_1_298' title='bbox 951 3042 978 3051; x_wconf 91' lang='lat'>-</span> 
     </span>
    </p>
   </div>
   <div class='ocr_carea' id='block_1_7' title="bbox 74 3082 976 3151">
    <p class='ocr_par' dir='ltr' id='par_1_9' title="bbox 74 3082 976 3151">
     <span class='ocr_line' id='line_1_36' title="bbox 74 3082 976 3151; baseline 0.024 -30"><span class='ocrx_word' id='word_1_299' title='bbox 74 3083 501 3151; x_wconf 60' lang='lat' dir='ltr'><strong>tprquefltbon,c.3;pr³iproribue,dp</strong></span> <span class='ocrx_word' id='word_1_300' title='bbox 555 3088 576 3138; x_wconf 76' lang='lat' dir='ltr'><strong>&#39;h</strong></span> <span class='ocrx_word' id='word_1_301' title='bbox 592 3082 693 3141; x_wconf 63' lang='lat' dir='ltr'><strong>iiii&#39;ti&#39;ssaa</strong></span> <span class='ocrx_word' id='word_1_302' title='bbox 705 3084 759 3139; x_wconf 78' lang='lat' dir='ltr'><strong>daps</strong></span> <span class='ocrx_word' id='word_1_303' title='bbox 770 3095 808 3139; x_wconf 56' lang='lat' dir='ltr'><strong>&amp;Oti</strong></span> <span class='ocrx_word' id='word_1_304' title='bbox 823 3095 873 3130; x_wconf 65' lang='lat'><strong>⁸⁰³⁵</strong></span> <span class='ocrx_word' id='word_1_305' title='bbox 891 3093 976 3151; x_wconf 63' lang='lat' dir='ltr'><strong>Pf⁰i¹f⁰²</strong></span> 
     </span>
    </p>
   </div>
   <div class='ocr_carea' id='block_1_8' title="bbox 0 0 1110 3392">
    <p class='ocr_par' dir='ltr' id='par_1_10' title="bbox 0 0 1110 3392">
     <span class='ocr_line' id='line_1_37' title="bbox 0 0 1110 3392; baseline 0 0"><span class='ocrx_word' id='word_1_306' title='bbox 0 0 1110 3392; x_wconf 95' lang='lat' dir='ltr'><strong> </strong></span> 
     </span>
    </p>
   </div>
  </div>
 </body>
</html>
