<?xml version="1.0" encoding="UTF-8"?>
<!DOCTYPE html PUBLIC "-//W3C//DTD XHTML 1.0 Transitional//EN"
    "http://www.w3.org/TR/xhtml1/DTD/xhtml1-transitional.dtd">
<html xmlns="http://www.w3.org/1999/xhtml" xml:lang="en" lang="en">
 <head>
  <title>
</title>
<meta http-equiv="Content-Type" content="text/html;charset=utf-8" />
  <meta name='ocr-system' content='tesseract 3.04.00' />
  <meta name='ocr-capabilities' content='ocr_page ocr_carea ocr_par ocr_line ocrx_word'/>
</head>
<body>
  <div class='ocr_page' id='page_1' title='image "./corneliitacitih04tacigoog_0081.png"; bbox 0 0 2209 3392; ppageno 0'>
   <div class='ocr_carea' id='block_1_1' title="bbox 944 124 1966 184">
    <p class='ocr_par' dir='ltr' id='par_1_1' title="bbox 944 124 1966 184">
     <span class='ocr_line' id='line_1_1' title="bbox 944 124 1966 184; baseline -0.004 0"><span class='ocrx_word' id='word_1_1' title='bbox 944 140 1133 184; x_wconf 59' lang='lat' dir='ltr'>Lim-ER</span> <span class='ocrx_word' id='word_1_2' title='bbox 1177 140 1217 184; x_wconf 74' lang='lat' dir='ltr'>l.</span> <span class='ocrx_word' id='word_1_3' title='bbox 1901 124 1966 180; x_wconf 79' lang='lat'>31</span> 
     </span>
    </p>
   </div>
   <div class='ocr_carea' id='block_1_2' title="bbox 173 252 1984 2362">
    <p class='ocr_par' dir='ltr' id='par_1_2' title="bbox 173 252 1984 2362">
     <span class='ocr_line' id='line_1_2' title="bbox 178 252 1973 329; baseline -0.004 -15"><span class='ocrx_word' id='word_1_4' title='bbox 178 276 270 314; x_wconf 73' lang='lat' dir='ltr'>ras</span> <span class='ocrx_word' id='word_1_5' title='bbox 308 262 582 329; x_wconf 78' lang='lat' dir='ltr'>expertus</span> <span class='ocrx_word' id='word_1_6' title='bbox 610 272 739 312; x_wconf 84' lang='lat' dir='ltr'>cum</span> <span class='ocrx_word' id='word_1_7' title='bbox 762 252 1056 311; x_wconf 66' lang='lat' dir='ltr'>maximat*</span> <span class='ocrx_word' id='word_1_8' title='bbox 1080 252 1297 309; x_wconf 76' lang='lat' dir='ltr'>discam</span> <span class='ocrx_word' id='word_1_9' title='bbox 1338 268 1409 309; x_wconf 83' lang='lat' dir='ltr'>ne</span> <span class='ocrx_word' id='word_1_10' title='bbox 1442 252 1719 308; x_wconf 75' lang='lat' dir='ltr'>secundas</span> <span class='ocrx_word' id='word_1_11' title='bbox 1745 252 1973 324; x_wconf 74' lang='lat' dir='ltr'>quidcni</span> 
     </span>
     <span class='ocr_line' id='line_1_3' title="bbox 177 340 1975 413; baseline -0.003 -11"><span class='ocrx_word' id='word_1_12' title='bbox 177 347 370 402; x_wconf 90' lang='lat' dir='ltr'>minus</span> <span class='ocrx_word' id='word_1_13' title='bbox 412 344 759 402; x_wconf 84' lang='lat' dir='ltr'>discriminis</span> <span class='ocrx_word' id='word_1_14' title='bbox 801 344 1008 399; x_wconf 88' lang='lat' dir='ltr'>babere</span> <span class='ocrx_word' id='word_1_15' title='bbox 1045 362 1059 397; x_wconf 74' lang='grc' dir='ltr'>ι</span> <span class='ocrx_word' id='word_1_16' title='bbox 1102 340 1282 413; x_wconf 88' lang='lat' dir='ltr'>patris</span> <span class='ocrx_word' id='word_1_17' title='bbox 1329 345 1387 397; x_wconf 88' lang='lat' dir='ltr'>et</span> <span class='ocrx_word' id='word_1_18' title='bbox 1430 343 1662 397; x_wconf 89' lang='lat' dir='ltr'>senatus</span> <span class='ocrx_word' id='word_1_19' title='bbox 1700 344 1758 397; x_wconf 89' lang='lat' dir='ltr'>et</span> <span class='ocrx_word' id='word_1_20' title='bbox 1798 340 1975 412; x_wconf 88' lang='lat' dir='ltr'>ipsius</span> 
     </span>
     <span class='ocr_line' id='line_1_4' title="bbox 176 430 1977 506; baseline -0.003 -16"><span class='ocrx_word' id='word_1_21' title='bbox 176 435 401 506; x_wconf 88' lang='lat' dir='ltr'>imperii</span> <span class='ocrx_word' id='word_1_22' title='bbox 429 434 611 491; x_wconf 84' lang='lat' dir='ltr'>vicem</span> <span class='ocrx_word' id='word_1_23' title='bbox 623 440 668 472; x_wconf 76' lang='lat'>¹2</span> <span class='ocrx_word' id='word_1_24' title='bbox 711 434 898 502; x_wconf 90' lang='lat' dir='ltr'>doleo,</span> <span class='ocrx_word' id='word_1_25' title='bbox 931 432 979 488; x_wconf 92' lang='lat' dir='ltr'>si</span> <span class='ocrx_word' id='word_1_26' title='bbox 1009 431 1175 489; x_wconf 92' lang='lat' dir='ltr'>nobis</span> <span class='ocrx_word' id='word_1_27' title='bbox 1216 435 1316 488; x_wconf 85' lang='lat' dir='ltr'>aut</span> <span class='ocrx_word' id='word_1_28' title='bbox 1344 430 1530 502; x_wconf 88' lang='lat' dir='ltr'>perire</span> <span class='ocrx_word' id='word_1_29' title='bbox 1555 430 1724 486; x_wconf 91' lang='lat' dir='ltr'>hodie</span> <span class='ocrx_word' id='word_1_30' title='bbox 1750 446 1977 486; x_wconf 90' lang='lat' dir='ltr'>necesse</span> 
     </span>
     <span class='ocr_line' id='line_1_5' title="bbox 174 519 1973 597; baseline -0.004 -16"><span class='ocrx_word' id='word_1_31' title='bbox 174 529 263 581; x_wconf 87' lang='lat' dir='ltr'>est</span> <span class='ocrx_word' id='word_1_32' title='bbox 291 528 413 594; x_wconf 87' lang='lat' dir='ltr'>aut,</span> <span class='ocrx_word' id='word_1_33' title='bbox 442 525 596 597; x_wconf 92' lang='lat' dir='ltr'>quod</span> <span class='ocrx_word' id='word_1_34' title='bbox 624 539 783 596; x_wconf 84' lang='lat' dir='ltr'>aeque</span> <span class='ocrx_word' id='word_1_35' title='bbox 813 523 961 594; x_wconf 91' lang='lat' dir='ltr'>apud</span> <span class='ocrx_word' id='word_1_36' title='bbox 989 522 1229 578; x_wconf 79' lang='lat' dir='ltr'>bonos¹⁸</span> <span class='ocrx_word' id='word_1_37' title='bbox 1256 520 1529 576; x_wconf 88' lang='lat' dir='ltr'>miserum</span> <span class='ocrx_word' id='word_1_38' title='bbox 1558 523 1666 589; x_wconf 89' lang='lat' dir='ltr'>est,</span> <span class='ocrx_word' id='word_1_39' title='bbox 1703 519 1973 576; x_wconf 89' lang='lat' dir='ltr'>occidere.</span> 
     </span>
     <span class='ocr_line' id='line_1_6' title="bbox 177 608 1979 683; baseline -0.002 -15"><span class='ocrx_word' id='word_1_40' title='bbox 177 612 468 669; x_wconf 88' lang='lat' dir='ltr'>Solacium</span> <span class='ocrx_word' id='word_1_41' title='bbox 524 611 767 683; x_wconf 85' lang='lat' dir='ltr'>proximi</span> <span class='ocrx_word' id='word_1_42' title='bbox 815 614 1009 667; x_wconf 90' lang='lat' dir='ltr'>motus</span> <span class='ocrx_word' id='word_1_43' title='bbox 1050 611 1399 666; x_wconf 80' lang='lat' dir='ltr'><strong>habebamus</strong></span> <span class='ocrx_word' id='word_1_44' title='bbox 1449 608 1802 665; x_wconf 82' lang='lat' dir='ltr'>incruentam</span> <span class='ocrx_word' id='word_1_45' title='bbox 1862 609 1979 665; x_wconf 92' lang='lat' dir='ltr'>Ur-</span> 
     </span>
     <span class='ocr_line' id='line_1_7' title="bbox 177 697 1978 769; baseline -0.001 -15"><span class='ocrx_word' id='word_1_46' title='bbox 177 702 306 756; x_wconf 86' lang='lat' dir='ltr'>bem</span> <span class='ocrx_word' id='word_1_47' title='bbox 344 705 401 757; x_wconf 90' lang='lat' dir='ltr'>et</span> <span class='ocrx_word' id='word_1_48' title='bbox 431 705 581 756; x_wconf 78' lang='lat' dir='ltr'>res¹⁴</span> <span class='ocrx_word' id='word_1_49' title='bbox 605 699 727 756; x_wconf 92' lang='lat' dir='ltr'>sine</span> <span class='ocrx_word' id='word_1_50' title='bbox 759 698 1044 756; x_wconf 83' lang='lat' dir='ltr'>discordia</span> <span class='ocrx_word' id='word_1_51' title='bbox 1078 699 1389 754; x_wconf 85' lang='lat' dir='ltr'>translatas</span> <span class='ocrx_word' id='word_1_52' title='bbox 1418 718 1432 752; x_wconf 74' lang='grc' dir='ltr'><em>ε</em></span> <span class='ocrx_word' id='word_1_53' title='bbox 1468 697 1764 769; x_wconf 90' lang='lat' dir='ltr'>provisum</span> <span class='ocrx_word' id='word_1_54' title='bbox 1804 698 1978 769; x_wconf 89' lang='lat' dir='ltr'>adop-</span> 
     </span>
     <span class='ocr_line' id='line_1_8' title="bbox 179 785 1976 860; baseline -0.002 -16"><span class='ocrx_word' id='word_1_55' title='bbox 179 789 332 844; x_wconf 79' lang='lat' dir='ltr'>tione</span> <span class='ocrx_word' id='word_1_56' title='bbox 365 787 684 852; x_wconf 84' lang='lat' dir='ltr'>videbatur,</span> <span class='ocrx_word' id='word_1_57' title='bbox 731 789 795 843; x_wconf 88' lang='lat' dir='ltr'>ut</span> <span class='ocrx_word' id='word_1_58' title='bbox 838 803 910 842; x_wconf 89' lang='lat' dir='ltr'>ne</span> <span class='ocrx_word' id='word_1_59' title='bbox 939 788 1070 858; x_wconf 87' lang='lat' dir='ltr'>post</span> <span class='ocrx_word' id='word_1_60' title='bbox 1120 785 1356 843; x_wconf 86' lang='lat' dir='ltr'>Galbam</span> <span class='ocrx_word' id='word_1_61' title='bbox 1386 786 1616 860; x_wconf 88' lang='lat' dir='ltr'>quidem</span> <span class='ocrx_word' id='word_1_62' title='bbox 1645 786 1792 843; x_wconf 87' lang='lat' dir='ltr'>bello</span> <span class='ocrx_word' id='word_1_63' title='bbox 1820 786 1976 842; x_wconf 88' lang='lat' dir='ltr'>locus</span> 
     </span>
     <span class='ocr_line' id='line_1_9' title="bbox 177 865 1841 944; baseline -0.001 -12"><span class='ocrx_word' id='word_1_64' title='bbox 177 879 347 944; x_wconf 86' lang='lat' dir='ltr'>esset.</span> <span class='ocrx_word' id='word_1_65' title='bbox 945 865 951 871; x_wconf 69' lang='grc'>’</span> <span class='ocrx_word' id='word_1_66' title='bbox 1838 939 1841 943; x_wconf 43' lang='grc'><strong><em>,</em></strong></span> 
     </span>
     <span class='ocr_line' id='line_1_10' title="bbox 248 961 1975 1037; baseline -0.001 -17"><span class='ocrx_word' id='word_1_67' title='bbox 248 963 417 1020; x_wconf 89' lang='grc' dir='ltr'><strong>ΧΧΧ.</strong></span> <span class='ocrx_word' id='word_1_68' title='bbox 459 982 488 1017; x_wconf 78' lang='grc' dir='ltr'><strong>α</strong></span> <span class='ocrx_word' id='word_1_69' title='bbox 516 963 671 1019; x_wconf 92' lang='lat' dir='ltr'>Nihil</span> <span class='ocrx_word' id='word_1_70' title='bbox 699 965 981 1037; x_wconf 83' lang='lat' dir='ltr'>arrogabo</span> <span class='ocrx_word' id='word_1_71' title='bbox 1011 963 1153 1020; x_wconf 90' lang='lat' dir='ltr'>mihi</span> <span class='ocrx_word' id='word_1_72' title='bbox 1181 963 1496 1020; x_wconf 82' lang='lat' dir='ltr'>nobilitatis</span> <span class='ocrx_word' id='word_1_73' title='bbox 1534 967 1633 1020; x_wconf 88' lang='lat' dir='ltr'>aut</span> <span class='ocrx_word' id='word_1_74' title='bbox 1657 961 1975 1029; x_wconf 77' lang='lat' dir='ltr'>modestiae3</span> 
     </span>
     <span class='ocr_line' id='line_1_11' title="bbox 179 1048 1978 1124; baseline -0.002 -16"><span class='ocrx_word' id='word_1_75' title='bbox 179 1068 364 1124; x_wconf 89' lang='lat' dir='ltr'>neque</span> <span class='ocrx_word' id='word_1_76' title='bbox 411 1051 564 1108; x_wconf 89' lang='lat' dir='ltr'>enim</span> <span class='ocrx_word' id='word_1_77' title='bbox 606 1052 827 1108; x_wconf 89' lang='lat' dir='ltr'>relatu¹</span> <span class='ocrx_word' id='word_1_78' title='bbox 870 1052 1152 1109; x_wconf 81' lang='lat' dir='ltr'>virtutum</span> <span class='ocrx_word' id='word_1_79' title='bbox 1194 1052 1251 1108; x_wconf 93' lang='lat' dir='ltr'>in</span> <span class='ocrx_word' id='word_1_80' title='bbox 1292 1050 1711 1124; x_wconf 86' lang='lat' dir='ltr'>comparatione</span> <span class='ocrx_word' id='word_1_81' title='bbox 1738 1048 1978 1106; x_wconf 86' lang='lat' dir='ltr'>Othonis</span> 
     </span>
     <span class='ocr_line' id='line_1_12' title="bbox 177 1138 1974 1213; baseline -0.001 -17"><span class='ocrx_word' id='word_1_82' title='bbox 177 1157 323 1212; x_wconf 90' lang='lat' dir='ltr'>opus</span> <span class='ocrx_word' id='word_1_83' title='bbox 353 1142 460 1197; x_wconf 89' lang='lat' dir='ltr'>est.</span> <span class='ocrx_word' id='word_1_84' title='bbox 490 1139 660 1210; x_wconf 88' lang='lat' dir='ltr'>Vitia,</span> <span class='ocrx_word' id='word_1_85' title='bbox 677 1139 886 1213; x_wconf 88' lang='lat' dir='ltr'>quibus</span> <span class='ocrx_word' id='word_1_86' title='bbox 907 1140 1045 1197; x_wconf 91' lang='lat' dir='ltr'>solis</span> <span class='ocrx_word' id='word_1_87' title='bbox 1065 1140 1367 1213; x_wconf 86' lang='lat' dir='ltr'>gloriatur,</span> <span class='ocrx_word' id='word_1_88' title='bbox 1385 1143 1637 1197; x_wconf 87' lang='lat' dir='ltr'>evertere</span> <span class='ocrx_word' id='word_1_89' title='bbox 1655 1138 1974 1210; x_wconf 90' lang='lat' dir='ltr'>imperium,</span> 
     </span>
     <span class='ocr_line' id='line_1_13' title="bbox 178 1225 1981 1302; baseline -0.001 -18"><span class='ocrx_word' id='word_1_90' title='bbox 178 1229 354 1284; x_wconf 89' lang='lat' dir='ltr'>etiam</span> <span class='ocrx_word' id='word_1_91' title='bbox 377 1244 510 1284; x_wconf 92' lang='lat' dir='ltr'>cum</span> <span class='ocrx_word' id='word_1_92' title='bbox 535 1227 781 1284; x_wconf 90' lang='lat' dir='ltr'>amicum</span> <span class='ocrx_word' id='word_1_93' title='bbox 811 1227 1172 1300; x_wconf 88' lang='lat' dir='ltr'>imperatoris</span> <span class='ocrx_word' id='word_1_94' title='bbox 1201 1230 1397 1302; x_wconf 82' lang='lat' dir='ltr'>ageret</span> <span class='ocrx_word' id='word_1_95' title='bbox 1418 1233 1459 1284; x_wconf 74' lang='lat'>².</span> <span class='ocrx_word' id='word_1_96' title='bbox 1497 1227 1781 1284; x_wconf 88' lang='lat' dir='ltr'>Habitune</span> <span class='ocrx_word' id='word_1_97' title='bbox 1804 1230 1862 1283; x_wconf 91' lang='lat' dir='ltr'>et</span> <span class='ocrx_word' id='word_1_98' title='bbox 1889 1225 1981 1282; x_wconf 87' lang='lat' dir='ltr'>in-</span> 
     </span>
     <span class='ocr_line' id='line_1_14' title="bbox 179 1315 1979 1388; baseline -0.001 -16"><span class='ocrx_word' id='word_1_99' title='bbox 179 1333 342 1373; x_wconf 88' lang='lat' dir='ltr'>cessu</span> <span class='ocrx_word' id='word_1_100' title='bbox 391 1333 464 1372; x_wconf 92' lang='lat' dir='ltr'>an</span> <span class='ocrx_word' id='word_1_101' title='bbox 515 1317 614 1372; x_wconf 93' lang='lat' dir='ltr'>illo</span> <span class='ocrx_word' id='word_1_102' title='bbox 671 1317 933 1374; x_wconf 84' lang='lat' dir='ltr'>muliebri</span> <span class='ocrx_word' id='word_1_103' title='bbox 987 1320 1192 1374; x_wconf 89' lang='lat' dir='ltr'>ornatu</span> <span class='ocrx_word' id='word_1_104' title='bbox 1235 1321 1554 1375; x_wconf 88' lang='lat' dir='ltr'>mereretur</span> <span class='ocrx_word' id='word_1_105' title='bbox 1576 1322 1600 1354; x_wconf 76' lang='lat'>⁵</span> <span class='ocrx_word' id='word_1_106' title='bbox 1639 1315 1979 1388; x_wconf 76' lang='lat' dir='ltr'>imperium?</span> 
     </span>
     <span class='ocr_line' id='line_1_15' title="bbox 181 1404 1974 1479; baseline 0 -19"><span class='ocrx_word' id='word_1_107' title='bbox 181 1405 480 1462; x_wconf 90' lang='lat' dir='ltr'>Falluntur</span> <span class='ocrx_word' id='word_1_108' title='bbox 527 1404 734 1479; x_wconf 89' lang='lat' dir='ltr'>quibus</span> <span class='ocrx_word' id='word_1_109' title='bbox 771 1406 997 1462; x_wconf 85' lang='lat' dir='ltr'>luxuria</span> <span class='ocrx_word' id='word_1_110' title='bbox 1019 1411 1043 1443; x_wconf 83' lang='lat'><strong>⁴</strong></span> <span class='ocrx_word' id='word_1_111' title='bbox 1080 1405 1265 1478; x_wconf 89' lang='lat' dir='ltr'>specie</span> <span class='ocrx_word' id='word_1_112' title='bbox 1291 1404 1647 1463; x_wconf 84' lang='lat' dir='ltr'>liberalitatis</span> <span class='ocrx_word' id='word_1_113' title='bbox 1680 1405 1924 1478; x_wconf 90' lang='lat' dir='ltr'>imponit</span> <span class='ocrx_word' id='word_1_114' title='bbox 1961 1425 1974 1460; x_wconf 74' lang='grc' dir='ltr'><strong>ε</strong></span> 
     </span>
     <span class='ocr_line' id='line_1_16' title="bbox 180 1494 1981 1567; baseline -0.001 -17"><span class='ocrx_word' id='word_1_115' title='bbox 180 1494 418 1566; x_wconf 85' lang='lat' dir='ltr'>perdere</span> <span class='ocrx_word' id='word_1_116' title='bbox 440 1495 549 1551; x_wconf 88' lang='lat' dir='ltr'>iste</span> <span class='ocrx_word' id='word_1_117' title='bbox 580 1494 737 1558; x_wconf 89' lang='lat' dir='ltr'>sciet,</span> <span class='ocrx_word' id='word_1_118' title='bbox 768 1496 978 1551; x_wconf 88' lang='lat' dir='ltr'>donare</span> <span class='ocrx_word' id='word_1_119' title='bbox 1006 1495 1238 1551; x_wconf 89' lang='lat' dir='ltr'>nesciet.</span> <span class='ocrx_word' id='word_1_120' title='bbox 1268 1496 1481 1567; x_wconf 87' lang='lat' dir='ltr'>Stupra</span> <span class='ocrx_word' id='word_1_121' title='bbox 1517 1511 1669 1551; x_wconf 91' lang='lat' dir='ltr'>nunc</span> <span class='ocrx_word' id='word_1_122' title='bbox 1691 1499 1747 1552; x_wconf 92' lang='lat' dir='ltr'>et</span> <span class='ocrx_word' id='word_1_123' title='bbox 1770 1494 1981 1551; x_wconf 91' lang='lat' dir='ltr'>comis-</span> 
     </span>
     <span class='ocr_line' id='line_1_17' title="bbox 179 1582 1983 1656; baseline 0 -18"><span class='ocrx_word' id='word_1_124' title='bbox 179 1583 432 1640; x_wconf 86' lang='lat' dir='ltr'>sationes</span> <span class='ocrx_word' id='word_1_125' title='bbox 459 1587 520 1639; x_wconf 89' lang='lat' dir='ltr'>et</span> <span class='ocrx_word' id='word_1_126' title='bbox 543 1582 884 1639; x_wconf 83' lang='lat' dir='ltr'>feminarum</span> <span class='ocrx_word' id='word_1_127' title='bbox 924 1587 1101 1640; x_wconf 87' lang='lat' dir='ltr'>coetus</span> <span class='ocrx_word' id='word_1_128' title='bbox 1133 1583 1308 1640; x_wconf 89' lang='lat' dir='ltr'>volvit</span> <span class='ocrx_word' id='word_1_129' title='bbox 1337 1583 1526 1640; x_wconf 90' lang='lat' dir='ltr'>animo</span> <span class='ocrx_word' id='word_1_130' title='bbox 1546 1589 1570 1623; x_wconf 81' lang='lat'><strong>⁸</strong></span> <span class='ocrx_word' id='word_1_131' title='bbox 1591 1604 1605 1641; x_wconf 74' lang='grc' dir='ltr'><strong>ε</strong></span> <span class='ocrx_word' id='word_1_132' title='bbox 1630 1584 1747 1639; x_wconf 86' lang='lat' dir='ltr'>haec</span> <span class='ocrx_word' id='word_1_133' title='bbox 1771 1583 1983 1656; x_wconf 91' lang='lat' dir='ltr'>princi-</span> 
     </span>
     <span class='ocr_line' id='line_1_18' title="bbox 179 1671 1981 1745; baseline -0.001 -16"><span class='ocrx_word' id='word_1_134' title='bbox 179 1677 347 1745; x_wconf 88' lang='lat' dir='ltr'>patus</span> <span class='ocrx_word' id='word_1_135' title='bbox 396 1671 627 1744; x_wconf 85' lang='lat' dir='ltr'>praemia</span> <span class='ocrx_word' id='word_1_136' title='bbox 668 1674 849 1743; x_wconf 87' lang='lat' dir='ltr'>putat,</span> <span class='ocrx_word' id='word_1_137' title='bbox 894 1689 1139 1744; x_wconf 90' lang='lat' dir='ltr'>quorum</span> <span class='ocrx_word' id='word_1_138' title='bbox 1182 1673 1355 1729; x_wconf 90' lang='lat' dir='ltr'>libido</span> <span class='ocrx_word' id='word_1_139' title='bbox 1397 1690 1461 1728; x_wconf 88' lang='lat' dir='ltr'>ac</span> <span class='ocrx_word' id='word_1_140' title='bbox 1503 1673 1765 1743; x_wconf 89' lang='lat' dir='ltr'>voluptas</span> <span class='ocrx_word' id='word_1_141' title='bbox 1808 1688 1981 1743; x_wconf 87' lang='lat' dir='ltr'>penes</span> 
     </span>
     <span class='ocr_line' id='line_1_19' title="bbox 177 1758 1980 1831; baseline -0.001 -16"><span class='ocrx_word' id='word_1_142' title='bbox 177 1761 368 1831; x_wconf 91' lang='lat' dir='ltr'>ipsum</span> <span class='ocrx_word' id='word_1_143' title='bbox 411 1758 505 1826; x_wconf 88' lang='lat' dir='ltr'>sit,</span> <span class='ocrx_word' id='word_1_144' title='bbox 525 1759 699 1814; x_wconf 90' lang='lat' dir='ltr'>rubor</span> <span class='ocrx_word' id='word_1_145' title='bbox 741 1775 804 1814; x_wconf 92' lang='lat' dir='ltr'>ac</span> <span class='ocrx_word' id='word_1_146' title='bbox 835 1759 1078 1814; x_wconf 86' lang='lat' dir='ltr'>dedecus</span> <span class='ocrx_word' id='word_1_147' title='bbox 1119 1775 1291 1829; x_wconf 90' lang='lat' dir='ltr'>penes</span> <span class='ocrx_word' id='word_1_148' title='bbox 1334 1775 1564 1828; x_wconf 82' lang='lat' dir='ltr'>omnes3</span> <span class='ocrx_word' id='word_1_149' title='bbox 1613 1775 1781 1815; x_wconf 91' lang='lat' dir='ltr'>nemo</span> <span class='ocrx_word' id='word_1_150' title='bbox 1828 1758 1980 1815; x_wconf 92' lang='lat' dir='ltr'>enim</span> 
     </span>
     <span class='ocr_line' id='line_1_20' title="bbox 175 1846 1983 1921; baseline 0 -18"><span class='ocrx_word' id='word_1_151' title='bbox 175 1864 435 1921; x_wconf 87' lang='lat' dir='ltr'>unquam</span> <span class='ocrx_word' id='word_1_152' title='bbox 464 1846 765 1918; x_wconf 88' lang='lat' dir='ltr'>imperium</span> <span class='ocrx_word' id='word_1_153' title='bbox 795 1846 1013 1919; x_wconf 82' lang='lat' dir='ltr'>flagitio</span> <span class='ocrx_word' id='word_1_154' title='bbox 1038 1846 1340 1919; x_wconf 88' lang='lat' dir='ltr'>quaesitum</span> <span class='ocrx_word' id='word_1_155' title='bbox 1366 1848 1531 1904; x_wconf 89' lang='lat' dir='ltr'>bonis</span> <span class='ocrx_word' id='word_1_156' title='bbox 1561 1846 1983 1904; x_wconf 66' lang='lat' dir='ltr'>artibusssexer-</span> 
     </span>
     <span class='ocr_line' id='line_1_21' title="bbox 173 1935 1981 2007; baseline -0.001 -15"><span class='ocrx_word' id='word_1_157' title='bbox 173 1937 314 1993; x_wconf 92' lang='lat' dir='ltr'>cuit.</span> <span class='ocrx_word' id='word_1_158' title='bbox 350 1935 584 1992; x_wconf 89' lang='lat' dir='ltr'>Galbam</span> <span class='ocrx_word' id='word_1_159' title='bbox 614 1951 926 1992; x_wconf 89' lang='lat' dir='ltr'>consensus</span> <span class='ocrx_word' id='word_1_160' title='bbox 955 1935 1183 2007; x_wconf 83' lang='lat' dir='ltr'>generis</span> <span class='ocrx_word' id='word_1_161' title='bbox 1222 1935 1477 2006; x_wconf 87' lang='lat' dir='ltr'>humani,</span> <span class='ocrx_word' id='word_1_162' title='bbox 1516 1952 1608 1992; x_wconf 88' lang='lat' dir='ltr'>me</span> <span class='ocrx_word' id='word_1_163' title='bbox 1642 1935 1816 1991; x_wconf 89' lang='lat' dir='ltr'>Galba</span> <span class='ocrx_word' id='word_1_164' title='bbox 1853 1951 1981 1992; x_wconf 91' lang='lat' dir='ltr'>con-</span> 
     </span>
     <span class='ocr_line' id='line_1_22' title="bbox 173 2019 1982 2097; baseline -0.001 -15"><span class='ocrx_word' id='word_1_165' title='bbox 173 2023 555 2082; x_wconf 87' lang='lat' dir='ltr'>sentientibus</span> <span class='ocrx_word' id='word_1_166' title='bbox 582 2023 743 2080; x_wconf 89' lang='lat' dir='ltr'>vobis</span> <span class='ocrx_word' id='word_1_167' title='bbox 765 2023 1046 2080; x_wconf 80' lang='lat' dir='ltr'>Caesarem</span> <span class='ocrx_word' id='word_1_168' title='bbox 1060 2024 1220 2080; x_wconf 85' lang='lat' dir='ltr'>dixit.</span> <span class='ocrx_word' id='word_1_169' title='bbox 1245 2024 1307 2081; x_wconf 92' lang='lat' dir='ltr'>Si</span> <span class='ocrx_word' id='word_1_170' title='bbox 1327 2041 1419 2081; x_wconf 90' lang='lat' dir='ltr'>res</span> <span class='ocrx_word' id='word_1_171' title='bbox 1434 2019 1658 2097; x_wconf 90' lang='lat' dir='ltr'>publica</span> <span class='ocrx_word' id='word_1_172' title='bbox 1676 2027 1736 2080; x_wconf 90' lang='lat' dir='ltr'>et</span> <span class='ocrx_word' id='word_1_173' title='bbox 1751 2031 1982 2081; x_wconf 87' lang='lat' dir='ltr'>senatus</span> 
     </span>
     <span class='ocr_line' id='line_1_23' title="bbox 174 2112 1984 2186; baseline -0.001 -15"><span class='ocrx_word' id='word_1_174' title='bbox 174 2117 232 2171; x_wconf 89' lang='lat' dir='ltr'>et</span> <span class='ocrx_word' id='word_1_175' title='bbox 257 2113 502 2186; x_wconf 90' lang='lat' dir='ltr'>populus</span> <span class='ocrx_word' id='word_1_176' title='bbox 526 2129 704 2169; x_wconf 88' lang='lat' dir='ltr'>vacua</span> <span class='ocrx_word' id='word_1_177' title='bbox 735 2113 968 2169; x_wconf 89' lang='lat' dir='ltr'>nomina</span> <span class='ocrx_word' id='word_1_178' title='bbox 1000 2116 1157 2182; x_wconf 89' lang='lat' dir='ltr'>sunt,</span> <span class='ocrx_word' id='word_1_179' title='bbox 1180 2117 1387 2182; x_wconf 89' lang='lat' dir='ltr'>vestra,</span> <span class='ocrx_word' id='word_1_180' title='bbox 1415 2113 1855 2182; x_wconf 87' lang='lat' dir='ltr'>commilitones,</span> <span class='ocrx_word' id='word_1_181' title='bbox 1889 2112 1984 2169; x_wconf 94' lang='lat' dir='ltr'>in-</span> 
     </span>
     <span class='ocr_line' id='line_1_24' title="bbox 176 2201 1982 2275; baseline 0.001 -19"><span class='ocrx_word' id='word_1_182' title='bbox 176 2206 354 2258; x_wconf 84' lang='lat' dir='ltr'>terest</span> <span class='ocrx_word' id='word_1_183' title='bbox 383 2218 454 2257; x_wconf 91' lang='lat' dir='ltr'>ne</span> <span class='ocrx_word' id='word_1_184' title='bbox 474 2207 494 2239; x_wconf 89' lang='lat'>⁷</span> <span class='ocrx_word' id='word_1_185' title='bbox 522 2201 921 2273; x_wconf 86' lang='lat' dir='ltr'>imperatorem</span> <span class='ocrx_word' id='word_1_186' title='bbox 942 2202 1171 2272; x_wconf 88' lang='lat' dir='ltr'>pessimi</span> <span class='ocrx_word' id='word_1_187' title='bbox 1191 2202 1419 2259; x_wconf 80' lang='lat' dir='ltr'>saciant.</span> <span class='ocrx_word' id='word_1_188' title='bbox 1440 2203 1755 2275; x_wconf 84' lang='lat' dir='ltr'>Legionum</span> <span class='ocrx_word' id='word_1_189' title='bbox 1779 2203 1982 2258; x_wconf 91' lang='lat' dir='ltr'>seditio</span> 
     </span>
     <span class='ocr_line' id='line_1_25' title="bbox 177 2289 1983 2362; baseline 0.001 -17"><span class='ocrx_word' id='word_1_190' title='bbox 177 2291 454 2346; x_wconf 85' lang='lat' dir='ltr'>adversus</span> <span class='ocrx_word' id='word_1_191' title='bbox 483 2290 654 2346; x_wconf 88' lang='lat' dir='ltr'>duces</span> <span class='ocrx_word' id='word_1_192' title='bbox 680 2304 816 2345; x_wconf 92' lang='lat' dir='ltr'>suos</span> <span class='ocrx_word' id='word_1_193' title='bbox 845 2289 1040 2345; x_wconf 89' lang='lat' dir='ltr'>audita</span> <span class='ocrx_word' id='word_1_194' title='bbox 1079 2294 1170 2345; x_wconf 91' lang='lat' dir='ltr'>est</span> <span class='ocrx_word' id='word_1_195' title='bbox 1196 2289 1547 2362; x_wconf 44' lang='lat' dir='ltr'>aliquando}</span> <span class='ocrx_word' id='word_1_196' title='bbox 1576 2309 1589 2344; x_wconf 72' lang='grc' dir='ltr'>ε</span> <span class='ocrx_word' id='word_1_197' title='bbox 1617 2293 1807 2346; x_wconf 89' lang='lat' dir='ltr'>vestra</span> <span class='ocrx_word' id='word_1_198' title='bbox 1844 2289 1983 2346; x_wconf 89' lang='lat' dir='ltr'>fides</span> 
     </span>
    </p>
   </div>
   <div class='ocr_carea' id='block_1_3' title="bbox 179 2432 1028 2544">
    <p class='ocr_par' dir='ltr' id='par_1_3' title="bbox 179 2432 1028 2544">
     <span class='ocr_line' id='line_1_26' title="bbox 181 2432 1028 2487; baseline -0.001 -13"><span class='ocrx_word' id='word_1_199' title='bbox 181 2445 273 2487; x_wconf 66' lang='lat' dir='ltr'>roy.</span> <span class='ocrx_word' id='word_1_200' title='bbox 302 2432 433 2474; x_wconf 83' lang='lat' dir='ltr'>Rem.</span> <span class='ocrx_word' id='word_1_201' title='bbox 471 2438 518 2475; x_wconf 84' lang='lat'>18</span> <span class='ocrx_word' id='word_1_202' title='bbox 552 2434 596 2473; x_wconf 80' lang='lat' dir='ltr'>et</span> <span class='ocrx_word' id='word_1_203' title='bbox 626 2435 716 2473; x_wconf 81' lang='grc'><strong>100.</strong></span> <span class='ocrx_word' id='word_1_204' title='bbox 750 2453 803 2461; x_wconf 90' lang='grc'>-</span> <span class='ocrx_word' id='word_1_205' title='bbox 836 2437 901 2474; x_wconf 89' lang='grc'>11.</span> <span class='ocrx_word' id='word_1_206' title='bbox 941 2432 1028 2474; x_wconf 87' lang='lat' dir='ltr'>ad·</span> 
     </span>
     <span class='ocr_line' id='line_1_27' title="bbox 179 2492 1023 2544; baseline 0 -8"><span class='ocrx_word' id='word_1_207' title='bbox 179 2504 341 2536; x_wconf 74' lang='lat' dir='ltr'>vor-sas</span> <span class='ocrx_word' id='word_1_208' title='bbox 372 2505 465 2543; x_wconf 76' lang='lat' dir='ltr'>res,</span> <span class='ocrx_word' id='word_1_209' title='bbox 505 2492 560 2535; x_wconf 74' lang='lat' dir='ltr'>cf.</span> <span class='ocrx_word' id='word_1_210' title='bbox 595 2493 665 2536; x_wconf 86' lang='lat' dir='ltr'>ch.</span> <span class='ocrx_word' id='word_1_211' title='bbox 718 2504 793 2544; x_wconf 84' lang='lat' dir='ltr'>xv,</span> <span class='ocrx_word' id='word_1_212' title='bbox 849 2505 892 2536; x_wconf 90' lang='lat' dir='ltr'>n.</span> <span class='ocrx_word' id='word_1_213' title='bbox 948 2499 1023 2544; x_wconf 78' lang='lat'>1⁵3</span> 
     </span>
    </p>
   </div>
   <div class='ocr_carea' id='block_1_4' title="bbox 1134 2431 1982 2548">
    <p class='ocr_par' dir='ltr' id='par_1_4' title="bbox 1134 2431 1982 2548">
     <span class='ocr_line' id='line_1_28' title="bbox 1186 2431 1980 2485; baseline 0.003 -12"><span class='ocrx_word' id='word_1_214' title='bbox 1186 2431 1323 2474; x_wconf 86' lang='lat' dir='ltr'>XXX.</span> <span class='ocrx_word' id='word_1_215' title='bbox 1350 2440 1384 2475; x_wconf 88' lang='grc'>1,</span> <span class='ocrx_word' id='word_1_216' title='bbox 1407 2433 1575 2480; x_wconf 76' lang='lat' dir='ltr'>relatu,</span> <span class='ocrx_word' id='word_1_217' title='bbox 1598 2443 1693 2485; x_wconf 80' lang='lat' dir='ltr'>voy.</span> <span class='ocrx_word' id='word_1_218' title='bbox 1723 2431 1849 2473; x_wconf 84' lang='lat' dir='ltr'>Rem.</span> <span class='ocrx_word' id='word_1_219' title='bbox 1879 2439 1916 2482; x_wconf 86' lang='grc'>1,</span> <span class='ocrx_word' id='word_1_220' title='bbox 1942 2446 1980 2475; x_wconf 86' lang='lat' dir='ltr'>c.</span> 
     </span>
     <span class='ocr_line' id='line_1_29' title="bbox 1134 2493 1982 2548; baseline 0.002 -11"><span class='ocrx_word' id='word_1_221' title='bbox 1134 2518 1189 2527; x_wconf 94' lang='lat'>—</span> <span class='ocrx_word' id='word_1_222' title='bbox 1212 2502 1252 2538; x_wconf 84' lang='lat'>2.</span> <span class='ocrx_word' id='word_1_223' title='bbox 1280 2494 1423 2537; x_wconf 75' lang='lat' dir='ltr'>eliam</span> <span class='ocrx_word' id='word_1_224' title='bbox 1462 2505 1572 2536; x_wconf 82' lang='lat' dir='ltr'>cum</span> <span class='ocrx_word' id='word_1_225' title='bbox 1615 2493 1827 2536; x_wconf 80' lang='lat' dir='ltr'>amicum</span> <span class='ocrx_word' id='word_1_226' title='bbox 1865 2495 1982 2548; x_wconf 81' lang='lat' dir='ltr'>imp.</span> 
     </span>
    </p>
   </div>
   <div class='ocr_carea' id='block_1_5' title="bbox 174 2555 1031 3167">
    <p class='ocr_par' dir='ltr' id='par_1_5' title="bbox 174 2555 1031 3167">
     <span class='ocr_line' id='line_1_30' title="bbox 174 2555 1027 2608; baseline -0.001 -10"><span class='ocrx_word' id='word_1_227' title='bbox 174 2568 288 2598; x_wconf 83' lang='lat' dir='ltr'>cum</span> <span class='ocrx_word' id='word_1_228' title='bbox 300 2556 530 2608; x_wconf 72' lang='lat' dir='ltr'>mamimc,</span> <span class='ocrx_word' id='word_1_229' title='bbox 543 2566 594 2596; x_wconf 79' lang='lat' dir='ltr'>en</span> <span class='ocrx_word' id='word_1_230' title='bbox 609 2567 658 2596; x_wconf 85' lang='lat' dir='ltr'>ce</span> <span class='ocrx_word' id='word_1_231' title='bbox 672 2561 859 2597; x_wconf 83' lang='lat' dir='ltr'>moment</span> <span class='ocrx_word' id='word_1_232' title='bbox 875 2555 1027 2597; x_wconf 72' lang='lat' dir='ltr'>meme.</span> 
     </span>
     <span class='ocr_line' id='line_1_31' title="bbox 175 2616 1027 2672; baseline 0.002 -13"><span class='ocrx_word' id='word_1_233' title='bbox 175 2641 230 2649; x_wconf 92' lang='lat'>——</span> <span class='ocrx_word' id='word_1_234' title='bbox 257 2624 321 2660; x_wconf 83' lang='lat'>12.</span> <span class='ocrx_word' id='word_1_235' title='bbox 341 2617 455 2672; x_wconf 74' lang='lat' dir='ltr'>(sed)</span> <span class='ocrx_word' id='word_1_236' title='bbox 474 2616 647 2669; x_wconf 74' lang='lat' dir='ltr'>patris,</span> <span class='ocrx_word' id='word_1_237' title='bbox 668 2628 765 2670; x_wconf 66' lang='grc' dir='ltr'>νος.</span> <span class='ocrx_word' id='word_1_238' title='bbox 790 2617 916 2660; x_wconf 77' lang='lat' dir='ltr'>Rem.</span> <span class='ocrx_word' id='word_1_239' title='bbox 933 2622 1027 2670; x_wconf 80' lang='grc'><strong>203,</strong></span> 
     </span>
     <span class='ocr_line' id='line_1_32' title="bbox 176 2678 1028 2735; baseline -0.002 -11"><span class='ocrx_word' id='word_1_240' title='bbox 176 2687 246 2731; x_wconf 79' lang='grc'>2·;</span> <span class='ocrx_word' id='word_1_241' title='bbox 264 2680 428 2730; x_wconf 76' lang='lat' dir='ltr'>vicem,</span> <span class='ocrx_word' id='word_1_242' title='bbox 453 2689 508 2720; x_wconf 83' lang='lat' dir='ltr'>au</span> <span class='ocrx_word' id='word_1_243' title='bbox 531 2678 614 2720; x_wconf 84' lang='lat' dir='ltr'>lieu</span> <span class='ocrx_word' id='word_1_244' title='bbox 634 2679 685 2721; x_wconf 85' lang='lat' dir='ltr'>de</span> <span class='ocrx_word' id='word_1_245' title='bbox 711 2680 914 2732; x_wconf 74' lang='lat' dir='ltr'>nomino,</span> <span class='ocrx_word' id='word_1_246' title='bbox 931 2692 1028 2735; x_wconf 76' lang='lat' dir='ltr'>voy.</span> 
     </span>
     <span class='ocr_line' id='line_1_33' title="bbox 178 2741 1027 2794; baseline 0 -10"><span class='ocrx_word' id='word_1_247' title='bbox 178 2743 309 2784; x_wconf 79' lang='lat' dir='ltr'>Rem.</span> <span class='ocrx_word' id='word_1_248' title='bbox 336 2747 401 2785; x_wconf 85' lang='grc'>19.</span> <span class='ocrx_word' id='word_1_249' title='bbox 426 2763 479 2772; x_wconf 91' lang='grc'>-</span> <span class='ocrx_word' id='word_1_250' title='bbox 523 2746 586 2784; x_wconf 80' lang='grc'>13.</span> <span class='ocrx_word' id='word_1_251' title='bbox 617 2741 748 2794; x_wconf 82' lang='lat' dir='ltr'>apud</span> <span class='ocrx_word' id='word_1_252' title='bbox 787 2742 948 2794; x_wconf 77' lang='lat' dir='ltr'>bonos,</span> <span class='ocrx_word' id='word_1_253' title='bbox 976 2753 1027 2784; x_wconf 86' lang='lat' dir='ltr'>au</span> 
     </span>
     <span class='ocr_line' id='line_1_34' title="bbox 177 2803 1027 2858; baseline -0.001 -11"><span class='ocrx_word' id='word_1_254' title='bbox 177 2803 333 2858; x_wconf 86' lang='lat' dir='ltr'>regard</span> <span class='ocrx_word' id='word_1_255' title='bbox 355 2803 430 2845; x_wconf 83' lang='lat' dir='ltr'>des</span> <span class='ocrx_word' id='word_1_256' title='bbox 447 2815 554 2856; x_wconf 82' lang='lat' dir='ltr'>gens</span> <span class='ocrx_word' id='word_1_257' title='bbox 572 2803 624 2845; x_wconf 84' lang='lat' dir='ltr'>de</span> <span class='ocrx_word' id='word_1_258' title='bbox 648 2803 762 2855; x_wconf 88' lang='lat' dir='ltr'>bien,</span> <span class='ocrx_word' id='word_1_259' title='bbox 784 2815 879 2858; x_wconf 76' lang='lat' dir='ltr'>voy.</span> <span class='ocrx_word' id='word_1_260' title='bbox 901 2805 1027 2847; x_wconf 80' lang='lat' dir='ltr'>Rem.</span> 
     </span>
     <span class='ocr_line' id='line_1_35' title="bbox 179 2866 1031 2919; baseline 0 -11"><span class='ocrx_word' id='word_1_261' title='bbox 179 2871 250 2917; x_wconf 78' lang='lat'>60,</span> <span class='ocrx_word' id='word_1_262' title='bbox 271 2869 368 2919; x_wconf 70' lang='lat' dir='ltr'>tm,-</span> <span class='ocrx_word' id='word_1_263' title='bbox 403 2866 624 2919; x_wconf 77' lang='lat' dir='ltr'>prooeimi</span> <span class='ocrx_word' id='word_1_264' title='bbox 640 2870 811 2917; x_wconf 76' lang='lat' dir='ltr'>motus,</span> <span class='ocrx_word' id='word_1_265' title='bbox 844 2866 883 2908; x_wconf 82' lang='lat' dir='ltr'>le</span> <span class='ocrx_word' id='word_1_266' title='bbox 905 2878 1031 2908; x_wconf 88' lang='lat' dir='ltr'>mou-</span> 
     </span>
     <span class='ocr_line' id='line_1_36' title="bbox 180 2927 1031 2978; baseline 0.001 -9"><span class='ocrx_word' id='word_1_267' title='bbox 180 2931 355 2969; x_wconf 75' lang='lat' dir='ltr'>vement</span> <span class='ocrx_word' id='word_1_268' title='bbox 383 2927 433 2968; x_wconf 87' lang='lat' dir='ltr'>de</span> <span class='ocrx_word' id='word_1_269' title='bbox 452 2927 610 2978; x_wconf 82' lang='lat' dir='ltr'>Galba3</span> <span class='ocrx_word' id='word_1_270' title='bbox 635 2929 936 2970; x_wconf 75' lang='lat' dir='ltr'>incruentam</span> <span class='ocrx_word' id='word_1_271' title='bbox 952 2940 1031 2970; x_wconf 67' lang='lat' dir='ltr'>ur-</span> 
     </span>
     <span class='ocr_line' id='line_1_37' title="bbox 179 2988 1031 3043; baseline 0 -13"><span class='ocrx_word' id='word_1_272' title='bbox 179 2989 298 3039; x_wconf 76' lang='lat' dir='ltr'>bem,</span> <span class='ocrx_word' id='word_1_273' title='bbox 333 2988 466 3030; x_wconf 87' lang='lat' dir='ltr'>Pison</span> <span class='ocrx_word' id='word_1_274' title='bbox 513 2988 708 3030; x_wconf 82' lang='lat' dir='ltr'>veutdire</span> <span class='ocrx_word' id='word_1_275' title='bbox 737 3000 819 3043; x_wconf 88' lang='lat' dir='ltr'>que</span> <span class='ocrx_word' id='word_1_276' title='bbox 853 2988 891 3030; x_wconf 83' lang='lat' dir='ltr'>lo</span> <span class='ocrx_word' id='word_1_277' title='bbox 923 3001 1031 3042; x_wconf 86' lang='lat' dir='ltr'>sang</span> 
     </span>
     <span class='ocr_line' id='line_1_38' title="bbox 181 3049 1031 3105; baseline 0.002 -15"><span class='ocrx_word' id='word_1_278' title='bbox 181 3050 258 3091; x_wconf 86' lang='lat' dir='ltr'>des</span> <span class='ocrx_word' id='word_1_279' title='bbox 307 3049 501 3105; x_wconf 76' lang='lat' dir='ltr'>citoyens</span> <span class='ocrx_word' id='word_1_280' title='bbox 537 3050 605 3092; x_wconf 86' lang='lat' dir='ltr'>n&#39;a</span> <span class='ocrx_word' id='word_1_281' title='bbox 650 3062 724 3103; x_wconf 83' lang='lat' dir='ltr'>pas</span> <span class='ocrx_word' id='word_1_282' title='bbox 762 3050 883 3093; x_wconf 65' lang='lat' dir='ltr'>conlo</span> <span class='ocrx_word' id='word_1_283' title='bbox 926 3051 1031 3094; x_wconf 87' lang='lat' dir='ltr'>dans</span> 
     </span>
     <span class='ocr_line' id='line_1_39' title="bbox 183 3110 747 3167; baseline 0.007 -17"><span class='ocrx_word' id='word_1_284' title='bbox 183 3110 315 3152; x_wconf 79' lang='lat' dir='ltr'>Rome</span> <span class='ocrx_word' id='word_1_285' title='bbox 337 3122 349 3163; x_wconf 80' lang='lat'><em>3</em></span> <span class='ocrx_word' id='word_1_286' title='bbox 373 3123 463 3163; x_wconf 49' lang='lat' dir='ltr'>rem</span> <span class='ocrx_word' id='word_1_287' title='bbox 495 3111 532 3153; x_wconf 86' lang='lat' dir='ltr'>le</span> <span class='ocrx_word' id='word_1_288' title='bbox 552 3112 747 3167; x_wconf 82' lang='lat' dir='ltr'>pouvoir.</span> 
     </span>
    </p>
   </div>
   <div class='ocr_carea' id='block_1_6' title="bbox 1136 2554 1980 2612">
    <p class='ocr_par' dir='ltr' id='par_1_6' title="bbox 1136 2554 1980 2612">
     <span class='ocr_line' id='line_1_40' title="bbox 1136 2554 1980 2612; baseline 0 -14"><span class='ocrx_word' id='word_1_289' title='bbox 1136 2561 1303 2612; x_wconf 74' lang='lat' dir='ltr'>aqeret,</span> <span class='ocrx_word' id='word_1_290' title='bbox 1333 2568 1415 2610; x_wconf 82' lang='lat' dir='ltr'>que</span> <span class='ocrx_word' id='word_1_291' title='bbox 1439 2567 1622 2609; x_wconf 80' lang='lat' dir='ltr'>sera-ce,</span> <span class='ocrx_word' id='word_1_292' title='bbox 1648 2554 1715 2598; x_wconf 85' lang='lat' dir='ltr'>s&#39;il</span> <span class='ocrx_word' id='word_1_293' title='bbox 1744 2559 1811 2597; x_wconf 88' lang='lat' dir='ltr'>est</span> <span class='ocrx_word' id='word_1_294' title='bbox 1843 2555 1980 2610; x_wconf 85' lang='lat' dir='ltr'>irnpe-</span> 
     </span>
    </p>
   </div>
   <div class='ocr_carea' id='block_1_7' title="bbox 1134 2618 1982 2797">
    <p class='ocr_par' dir='ltr' id='par_1_7' title="bbox 1134 2618 1982 2797">
     <span class='ocr_line' id='line_1_41' title="bbox 1138 2618 1982 2671; baseline 0 -10"><span class='ocrx_word' id='word_1_295' title='bbox 1138 2618 1275 2661; x_wconf 79' lang='lat' dir='ltr'>reur?</span> <span class='ocrx_word' id='word_1_296' title='bbox 1322 2641 1375 2649; x_wconf 92' lang='lat'>—</span> <span class='ocrx_word' id='word_1_297' title='bbox 1426 2624 1465 2662; x_wconf 87' lang='grc'>3.</span> <span class='ocrx_word' id='word_1_298' title='bbox 1518 2618 1618 2670; x_wconf 72' lang='lat' dir='ltr'>illo,</span> <span class='ocrx_word' id='word_1_299' title='bbox 1650 2630 1696 2659; x_wconf 82' lang='lat' dir='ltr'>ce</span> <span class='ocrx_word' id='word_1_300' title='bbox 1745 2618 1982 2671; x_wconf 72' lang='lat' dir='ltr'>fumeum,-</span> 
     </span>
     <span class='ocr_line' id='line_1_42' title="bbox 1134 2681 1982 2736; baseline 0 -14"><span class='ocrx_word' id='word_1_301' title='bbox 1134 2685 1408 2733; x_wconf 71' lang='lat' dir='ltr'>mereretur,</span> <span class='ocrx_word' id='word_1_302' title='bbox 1442 2693 1538 2736; x_wconf 75' lang='lat' dir='ltr'>voy.</span> <span class='ocrx_word' id='word_1_303' title='bbox 1582 2681 1710 2723; x_wconf 81' lang='lat' dir='ltr'>Rem.</span> <span class='ocrx_word' id='word_1_304' title='bbox 1749 2686 1839 2722; x_wconf 92' lang='grc'><strong>100.</strong></span> <span class='ocrx_word' id='word_1_305' title='bbox 1870 2704 1923 2712; x_wconf 85' lang='lat'>—-—</span> <span class='ocrx_word' id='word_1_306' title='bbox 1941 2685 1982 2722; x_wconf 74' lang='lat'>4.</span> 
     </span>
     <span class='ocr_line' id='line_1_43' title="bbox 1138 2743 1979 2797; baseline -0.001 -11"><span class='ocrx_word' id='word_1_307' title='bbox 1138 2744 1353 2795; x_wconf 66' lang='grc' dir='ltr'>ιαωανία,</span> <span class='ocrx_word' id='word_1_308' title='bbox 1396 2743 1512 2797; x_wconf 85' lang='lat' dir='ltr'>sujet</span> <span class='ocrx_word' id='word_1_309' title='bbox 1550 2743 1811 2797; x_wconf 66' lang='lat' dir='ltr'>d’imponit.</span> <span class='ocrx_word' id='word_1_310' title='bbox 1854 2766 1907 2774; x_wconf 93' lang='lat'><strong>—</strong></span> <span class='ocrx_word' id='word_1_311' title='bbox 1943 2750 1979 2785; x_wconf 80' lang='lat'>5.</span> 
     </span>
    </p>
   </div>
   <div class='ocr_carea' id='block_1_8' title="bbox 1136 2804 1985 3168">
    <p class='ocr_par' dir='ltr' id='par_1_8' title="bbox 1136 2804 1985 3168">
     <span class='ocr_line' id='line_1_44' title="bbox 1136 2804 1984 2860; baseline 0 -14"><span class='ocrx_word' id='word_1_312' title='bbox 1136 2804 1278 2847; x_wconf 75' lang='lat' dir='ltr'>volvit</span> <span class='ocrx_word' id='word_1_313' title='bbox 1312 2806 1491 2857; x_wconf 84' lang='lat' dir='ltr'>animo,</span> <span class='ocrx_word' id='word_1_314' title='bbox 1519 2805 1763 2860; x_wconf 82' lang='lat' dir='ltr'>expression</span> <span class='ocrx_word' id='word_1_315' title='bbox 1787 2805 1984 2858; x_wconf 72' lang='lat' dir='ltr'>poetique</span> 
     </span>
     <span class='ocr_line' id='line_1_45' title="bbox 1139 2864 1982 2920; baseline 0.001 -13"><span class='ocrx_word' id='word_1_316' title='bbox 1139 2864 1343 2908; x_wconf 71' lang='lat' dir='ltr'>familiere</span> <span class='ocrx_word' id='word_1_317' title='bbox 1365 2867 1390 2908; x_wconf 74' lang='lat' dir='ltr'>a</span> <span class='ocrx_word' id='word_1_318' title='bbox 1419 2866 1588 2918; x_wconf 82' lang='lat' dir='ltr'>Tacite;</span> <span class='ocrx_word' id='word_1_319' title='bbox 1616 2878 1712 2920; x_wconf 71' lang='lat' dir='ltr'>voy.</span> <span class='ocrx_word' id='word_1_320' title='bbox 1733 2866 1859 2908; x_wconf 82' lang='lat' dir='ltr'>Rem.</span> <span class='ocrx_word' id='word_1_321' title='bbox 1889 2872 1982 2908; x_wconf 83' lang='lat'>207.</span> 
     </span>
     <span class='ocr_line' id='line_1_46' title="bbox 1138 2926 1980 2981; baseline -0.006 -9"><span class='ocrx_word' id='word_1_322' title='bbox 1138 2933 1245 2971; x_wconf 80' lang='lat'>—6.</span> <span class='ocrx_word' id='word_1_323' title='bbox 1281 2929 1417 2970; x_wconf 72' lang='lat' dir='ltr'>bonis</span> <span class='ocrx_word' id='word_1_324' title='bbox 1448 2930 1647 2981; x_wconf 73' lang='lat' dir='ltr'>arcibus,</span> <span class='ocrx_word' id='word_1_325' title='bbox 1678 2928 1733 2971; x_wconf 83' lang='lat' dir='ltr'>cf.</span> <span class='ocrx_word' id='word_1_326' title='bbox 1764 2926 1838 2969; x_wconf 87' lang='lat' dir='ltr'>ch.</span> <span class='ocrx_word' id='word_1_327' title='bbox 1873 2939 1980 2977; x_wconf 84' lang='lat' dir='ltr'>xvu,</span> 
     </span>
     <span class='ocr_line' id='line_1_47' title="bbox 1140 2989 1980 3038; baseline -0.004 -8"><span class='ocrx_word' id='word_1_328' title='bbox 1140 3000 1183 3030; x_wconf 87' lang='lat' dir='ltr'>n.</span> <span class='ocrx_word' id='word_1_329' title='bbox 1210 2994 1249 3031; x_wconf 90' lang='lat'>7.</span> <span class='ocrx_word' id='word_1_330' title='bbox 1284 3011 1339 3019; x_wconf 91' lang='lat'><strong>—</strong></span> <span class='ocrx_word' id='word_1_331' title='bbox 1368 2995 1405 3032; x_wconf 91' lang='grc'>7.</span> <span class='ocrx_word' id='word_1_332' title='bbox 1438 2993 1642 3033; x_wconf 75' lang='lat' dir='ltr'>vestra...</span> <span class='ocrx_word' id='word_1_333' title='bbox 1670 2989 1877 3038; x_wconf 74' lang='lat' dir='ltr'>interest,</span> <span class='ocrx_word' id='word_1_334' title='bbox 1907 2999 1980 3034; x_wconf 74' lang='lat' dir='ltr'>ne,</span> 
     </span>
     <span class='ocr_line' id='line_1_48' title="bbox 1140 3047 1985 3105; baseline -0.004 -14"><span class='ocrx_word' id='word_1_335' title='bbox 1140 3049 1171 3091; x_wconf 92' lang='lat' dir='ltr'>il</span> <span class='ocrx_word' id='word_1_336' title='bbox 1201 3050 1363 3105; x_wconf 73' lang='lat' dir='ltr'>depend</span> <span class='ocrx_word' id='word_1_337' title='bbox 1403 3050 1454 3092; x_wconf 87' lang='lat' dir='ltr'>de</span> <span class='ocrx_word' id='word_1_338' title='bbox 1478 3063 1587 3094; x_wconf 80' lang='lat' dir='ltr'>vous</span> <span class='ocrx_word' id='word_1_339' title='bbox 1627 3047 1905 3104; x_wconf 70' lang='lat' dir='ltr'>d’empecher.</span> <span class='ocrx_word' id='word_1_340' title='bbox 1934 3070 1985 3077; x_wconf 90' lang='lat'>——</span> 
     </span>
     <span class='ocr_line' id='line_1_49' title="bbox 1142 3113 1983 3168; baseline -0.011 -11"><span class='ocrx_word' id='word_1_341' title='bbox 1142 3119 1183 3158; x_wconf 82' lang='lat'>8.</span> <span class='ocrx_word' id='word_1_342' title='bbox 1214 3113 1488 3166; x_wconf 73' lang='lat' dir='ltr'>aliquando,</span> <span class='ocrx_word' id='word_1_343' title='bbox 1516 3113 1566 3156; x_wconf 81' lang='lat' dir='ltr'>de</span> <span class='ocrx_word' id='word_1_344' title='bbox 1606 3118 1744 3168; x_wconf 81' lang='lat' dir='ltr'>temps</span> <span class='ocrx_word' id='word_1_345' title='bbox 1784 3113 1808 3154; x_wconf 71' lang='lat' dir='ltr'>a</span> <span class='ocrx_word' id='word_1_346' title='bbox 1851 3114 1983 3152; x_wconf 79' lang='lat' dir='ltr'>autre.</span> 
     </span>
    </p>
   </div>
  </div>
 </body>
</html>
