2209 3392
464 158 561 203 niara
582 158 604 203 r.
942 146 979 202 73
1033 120 1035 127 ⁸

76 275 294 335 multitudinem
311 277 411 331 mutua
427 270 590 345 ignorantia
609 270 810 341 fallentibus⁸3
827 271 978 329 Othoniani

76 366 205 423 novitate
219 365 325 432 vultus,
339 362 472 419 omnihus
485 359 513 415 in
524 360 636 416 rioem⁴
649 358 757 431 goaris,
774 358 978 430 prodebantur.

76 454 211 511 Vitellius
230 453 340 510 litteras
362 452 397 508 ad
413 449 559 507 Titianum
581 449 700 505 fratrem
725 448 847 505 Othonis
865 465 981 521 compo·

75 542 146 612 suit,
169 540 285 598 exitium
307 539 360 612 ipsi
383 538 498 611 filioque
522 537 584 611 ejus
610 536 756 606 minitans,
775 535 803 593 ni
824 536 980 594 incolumes

75 632 131 689 sibi
150 634 244 687 mat-er
261 646 292 686 ao
309 627 390 685 liberi
416 631 610 684 servarentur.
627 626 664 683 Et
684 626 763 683 stetit
786 629 889 684 domus
904 632 980 684 utra·

76 736 144 793 que,
169 718 223 775 sub
245 718 357 774 Othone
376 715 517 771 incertum
535 719 589 770 an⁸
613 718 691 771 metu
714 714 870 772 :Vitellius
891 715 981 772 vietor

76 806 237 863 clementiae
250 805 373 878 gloriam
387 802 463 859 tulit.

114 895 233 953 LXXVI.
259 893 372 951 Primus
397 890 502 948 Othoni
524 890 659 949 fiduciam
678 891 788 949 addidit
809 910 842 949 ex
866 894 980 966 Illyrico

77 984 197 1040 nuntius
209 982 322 1056 jurasse
334 981 363 1036 in
376 997 442 1038 eum
457 979 605 1037 Delmatia
617 997 648 1036 ae
667 979 822 1037 Pannonia
836 986 865 1038 et
878 983 980 1040 Moesiae

77 1072 236 1146 legionesa
258 1072 335 1128 ldem
354 1087 387 1126 ex
409 1068 545 1141 Hispania
569 1069 697 1139 allatum,
717 1070 907 1143 laudatusque
930 1089 981 1143 per

78 1152 203 1218 edietum
223 1160 340 1216 Cluvius
355 1158 446 1215 Rulus
472 1176 478 1211 :
506 1161 555 1213 et²
574 1157 672 1213 statim
687 1158 835 1229 cognitum
849 1162 893 1216 esi
909 1177 981 1216 oon·
1011 1217 1013 1219 ,

79 1267 192 1309 versam
210 1251 245 1306 ad
262 1248 408 1305 Vitellium
429 1246 605 1320 Hispaniam.
624 1246 666 1303 Ne
681 1248 833 1320 Aquitania
852 1249 978 1321 quidem,

78 1356 243 1412 quanquam
262 1338 297 1395 ab
319 1337 397 1394 lulio
420 1336 513 1393 Cordo
527 1334 556 1391 in
575 1336 662 1392 verba
677 1335 798 1394 Othonis
813 1338 978 1408 obstrieta⁸,

77 1430 127 1484 diu
147 1423 282 1483 mansit⁴.
303 1425 452 1498 Nusquam
471 1424 541 1481 lidos
559 1427 609 1480 aut
622 1440 703 1481 amor
716 1442 724 1478 ι
738 1429 816 1482 metu
832 1444 864 1483 ao
879 1444 980 1485 noces-

77 1518 162 1572 sitate
185 1516 240 1571 hue
264 1515 332 1570 illue
356 1514 567 1570 mutabantur⁸.
596 1513 703 1569 Eadem
724 1514 846 1571 lormido
867 1518 979 1588 provin-

77 1605 151 1661 ciam
176 1604 391 1660 Narbonensem
416 1604 449 1658 ad
470 1601 618 1659 Vitellium
642 1602 738 1669 vertit,
761 1604 834 1660 sacili
856 1605 979 1663 transitu

78 1694 113 1749 ad
124 1692 269 1765 proximos
284 1696 313 1748 et
327 1690 489 1747 validiores
505 1689 680 1762 Longinquae
694 1692 846 1762 provinciae
858 1697 886 1750 et
898 1695 979 1766 quie-

4 1772 5 1777 '
78 1780 146 1853 quid
167 1796 313 1835 armorum
339 1778 430 1835 maril
448 1777 592 1834 dirimitur
612 1794 698 1849 penes
722 1780 864 1836 Othonem
887 1798 980 1839 mane

78 1870 158 1938 bant,
179 1886 236 1925 non
257 1869 382 1941 partium
401 1866 507 1931 studio.
521 1868 572 1923 sed
589 1871 651 1923 erat
673 1869 783 1940 grande
802 1875 979 1927 momentum

79 1959 107 2014 in
128 1957 244 2014 nomine
267 1956 347 2013 urbis
365 1972 397 2012 ae
415 1956 572 2027 praetexto⁷
596 1957 723 2026 senatus,
745 1959 775 2011 et
794 1963 980 2029 occupaverat

79 2047 192 2101 animos
221 2044 299 2116 prior
327 2043 441 2100 auditus
452 2048 473 2095 ⁸.
505 2042 662 2099 Judaeioum
689 2043 842 2101 exercitum
874 2046 980 2118 Vespa-

78 2134 188 2200 sianus,
211 2132 301 2188 Suria
330 2130 457 2203 legiones
485 2129 632 2187 Mucianus
656 2136 834 2189 sacramento
859 2133 979 2191 Othonis

76 2221 235 2293 adegare⁹;
252 2220 337 2275 simul
351 2219 492 2291 AEgyptus
513 2234 669 2291 omnesque
688 2235 777 2275 versae
790 2220 817 2274 in
834 2219 979 2278 Orientem

76 2408 102 2429 ε
112 2398 279 2443 nequemaior,
289 2402 335 2445 roy.
347 2392 410 2434 Rern.
423 2397 468 2435 179.
476 2413 503 2421 -

77 2459 96 2495 ³.
107 2452 264 2503 [rreatrosuih
271 2463 318 2505 roy.
327 2453 391 2494 Rern.
402 2458 449 2502 ll2;
458 2452 503 2503 sol-

76 2514 187 2566 lentibus,
200 2513 228 2556 ils
241 2526 267 2555 ne
284 2513 354 2556 iurent
372 2524 410 2567 pas
425 2525 503 2555 romar-

77 2577 142 2629 que's3
150 2581 234 2619 mutuo
243 2576 388 2630 iqnoranle'o,
397 2576 451 2618 dans
460 2588 502 2617 une

76 2639 93 2679 si
100 2638 183 2690 grande
189 2637 312 2690 multitudo,
321 2650 348 2681 on
355 2651 380 2681 ne
388 2651 411 2681 se
416 2638 502 2681 connait

75 2711 115 2752 pas
125 2699 204 2741 losuns
210 2700 241 2741 les
246 2703 326 2743 autres.
334 2700 500 2749 -la'noieem,

75 2760 230 2812 clehnxxrv,
243 2773 264 2803 n.
278 2763 502 2813 ³.-5.Et‚entoul

75 2834 112 2863 cns
119 2835 124 2873 3
131 2822 249 2865 incertum
259 2823 473 2875 on‚oi.oh.xx111‚n.
483 2830 500 2866 1.

103 2884 202 2927 Lxxvr.
219 2890 238 2926 1.
251 2884 360 2938 laqionea,
374 2896 411 2927 sur
420 2896 456 2927 ces
470 2884 502 2927 le'-

75 2956 141 2997 gions
163 2950 184 2987 et
203 2946 235 2988 les
262 2945 374 2999 provinces
398 2948 426 2989 oh
448 2946 502 2988 ellos

75 3006 157 3047 etaient
166 3008 302 3058 contemtos,
315 3020 365 3061 roy.
377 3008 428 3051 Diot
446 3009 500 3049 hiat.

77 3067 501 3122 -2.al,mais;roy.llem.l'l³.l·.-

76 3132 96 3172 ³.
111 3128 140 3170 in
150 3130 219 3172 verto
227 3129 324 3172 Othonia
332 3132 450 3185 obstricto,
461 3130 501 3174 lie'a

557 2390 601 2433 ala
613 2403 676 2434 cause
692 2391 785 2434 d'Othon
798 2402 838 2445 par
852 2390 873 2434 lo
887 2399 980 2436 serment

557 2452 583 2494 de
593 2452 681 2497 udelire.
689 2456 743 2495 -1,
754 2453 850 2502 mansit,
858 2464 906 2506 roy.
914 2455 978 2497 Rem.

557 2519 577 2554 2.
587 2536 614 2544 —
629 2519 648 2555 5.
659 2515 704 2555 hoa
713 2514 778 2565 illue,
793 2526 839 2568 roy.
853 2514 916 2557 liena.
932 2520 979 2567 2⁰³,

555 2581 590 2618 2⁹:
602 2577 765 2627 mutabantur,
780 2588 831 2618 s.-e.
842 2588 931 2628 omnes,
942 2578 979 2632 qui

555 2640 588 2677 est
608 2636 770 2690 implicitement
786 2637 840 2679 dans
853 2650 972 2691 nmquam

555 2720 581 2727 —
593 2702 613 2740 t.
626 2710 759 2750 ornatorum,
769 2711 794 2741 ao
812 2699 855 2743 lieu
870 2700 900 2742 du
913 2705 980 2743 termo

555 2760 605 2813 plus
617 2760 693 2815 simple
703 2761 858 2803 exercituum.
868 2784 896 2792 —
906 2763 978 2812 mori,

555 2825 575 2866 la
590 2824 750 2867 Mediterranei.
760 2848 787 2857 -
803 2833 822 2870 7.
835 2827 922 2878 studio,
939 2827 980 2869 sed

555 2891 612 2936 erat,
623 2898 671 2940 roy.
683 2886 747 2929 Rem.
759 2892 805 2939 21111,
820 2893 866 2938 11·;
875 2894 979 2940 praue-

555 2951 613 2998 tum,
629 2947 649 2988 le
663 2948 766 3001 prodigo,
780 2960 851 3003 propr.
870 2948 978 2991 l'aureole.

555 3032 582 3038 -
594 3015 613 3051 11.
635 3010 740 3060 auditus,
750 3021 797 3064 roy.
813 3011 877 3052 Rem.
892 3017 937 3054 122.
952 3030 980 3040 -

555 3076 574 3113 11.
583 3077 729 3114 sacramento
737 3073 749 3113 i
758 3071 853 3123 lablelli,
860 3072 887 3113 el.
897 3072 932 3113 eh.
941 3081 979 3118 nv,

554 3144 577 3175 n·
592 3138 614 3175 l:
629 3134 731 3188 adegere,
747 3146 796 3188 roy.
814 3134 878 3176 Rem.
888 3138 940 3177 131.
953 3151 980 3161 -
