2209 3392
484 158 580 203 urana
601 160 622 201 r.
962 147 999 203 39

97 275 185 339 esset,
199 271 349 331 arcessivit
362 274 397 329 ab
411 272 495 331 exilio
509 289 594 345 quem
608 270 747 329 tristitia¹
764 274 794 328 et
816 270 936 330 avaritia
954 272 999 329 sui

96 362 280 421 simillimum
303 362 457 435 judicabat.
479 360 610 426 Vidistis,
633 359 852 430 commilitonerr,
881 360 999 421 notabili

97 454 291 524 tempestate¹
316 449 403 507 etiam
428 451 496 507 deos
528 449 685 507 infaustam
710 447 892 519 adoptionem
920 464 1000 506 aver-

95 546 206 599 santes.
221 540 300 597 ldem
312 543 439 610 senatus,
455 539 531 596 idem
543 537 640 611 populi
654 536 775 595 Romani
795 537 908 595 animus
926 542 972 597 est
989 558 998 593 ε

95 634 194 687 vestra
215 628 308 687 virtus
332 630 519 701 exspectatur,
546 628 643 700 apud⁸
665 642 738 699 quos
761 642 846 684 omne
870 625 1000 684 honestis

95 717 225 777 consiliis
243 718 332 775 robur
343 721 373 774 et
387 716 448 774 sine
467 716 571 790 quibus
591 716 721 789 quamvis
740 714 858 789 egregia
876 715 1001 772 invalida

96 810 175 864 sunt.
189 805 253 862 Non
263 807 298 862 ad
309 806 416 862 bellum
428 820 479 861 vos
491 806 586 861 nccad
595 804 755 878 periculum
766 820 835 861 voco
849 823 856 859 ι
870 802 1000 860 omniurn

96 895 225 951 militum
244 908 325 951 arma
337 884 486 951 nobiscum
506 899 583 951 sunt.
604 893 663 951 Nec
686 909 744 949 una
761 892 865 950 cohors
883 895 1001 966 togala⁸

95 982 225 1040 defendit
237 998 313 1038 nunc
327 980 455 1052 Galbam,
471 982 523 1037 sed
536 979 662 1038 detinet⁸
677 997 684 1032 z
701 996 767 1037 curn
779 996 832 1038 vos
846 978 998 1052 aspexerit,

96 1089 162 1128 oum
175 1072 310 1144 signum⁶
325 1086 421 1126 meum
433 1069 581 1143 acceperit,
599 1071 652 1128 hoc
663 1069 758 1126 solum
772 1069 829 1127 erit
842 1072 998 1140 certamen,

96 1159 163 1232 quis
175 1158 244 1215 milri
259 1158 416 1231 plurimum
431 1153 578 1231 imputati.
591 1156 695 1215 Nullus
710 1156 901 1214 cunctationis
917 1158 999 1215 locus

95 1250 142 1305 est
168 1248 197 1304 in
221 1263 255 1304 eo
275 1246 404 1317 oonsilio,
430 1247 507 1320 quod
527 1262 586 1303 non
610 1248 705 1317 potest
723 1245 834 1303 laudari
855 1244 910 1302 nisi
929 1262 999 1319 per,

37 1382 39 1387 ,
97 1339 231 1393 actum.»

133 1423 243 1496 ilperini
262 1424 364 1481 deindo
388 1422 642 1481 armamentarium
661 1423 760 1498 iussit.
783 1424 875 1497 Rapta
900 1424 998 1482 statim

96 1529 187 1584 arma,
218 1512 280 1571 sino
312 1528 392 1569 more
417 1516 446 1570 et
475 1512 575 1569 ordine
600 1513 719 1582 militiae,
744 1515 777 1569 ut
809 1514 999 1585 praetorianus

95 1605 147 1658 aut
177 1601 353 1675 legionarius
375 1601 537 1675 insignibus
561 1601 644 1659 suis⁸
670 1601 914 1675 distinguendum
932 1602 999 1659 mis·

94 1692 220 1747 contur⁹
236 1690 422 1747 auxiliaribus
436 1690 527 1763 galeis
545 1690 702 1764 scutisque,
721 1691 800 1747 nullo
814 1690 998 1748 tribunorum

2 1844 3 1853 χ
95 1779 332 1836 centurionumve
355 1780 535 1849 adhortante,
560 1779 614 1835 sibi
642 1779 762 1852 quisque
784 1780 841 1835 dux
860 1782 889 1837 et
912 1778 998 1836 insti-

2 1872 3 1877 ’
94 1871 180 1939 gator
191 1869 227 1937 ¹⁰3
243 1869 273 1924 ei
283 1868 458 1941 precipuum
465 1867 655 1941 pessimorum
663 1866 879 1924 incitamentum
893 1868 998 1941 quod¹¹

94 1954 163 2012 boni
177 1956 342 2013 maerebant.

130 2042 250 2099 XXXIX.
272 2044 339 2101 lanu
362 2044 515 2102 exterritus
539 2044 607 2102 Piso
629 2013 747 2103 fremitu
771 2046 996 2103 crebrescentis·

94 2129 245 2187 seditionis
275 2134 304 2188 et
328 2132 445 2190 vocibus
473 2132 502 2189 in
531 2134 633 2189 urbem
660 2149 752 2207 usque
783 2134 995 2205 resonantibus,

93 2234 246 2291 egressum
277 2219 391 2277 interim
420 2220 537 2278 Galbam
565 2224 594 2278 et
627 2222 689 2278 loro
722 2222 997 2295 appropinquantem

119 2445 240 2489 XXXVlll.
252 2446 516 2500 r.trestits'e,cl.cb.x1v,

92 2520 114 2551 n.
124 2513 214 2551 tl.-2.
223 2514 362 2562 tempestate,
372 2509 400 2553 cl.
409 2509 443 2553 cb.
454 2522 516 2553 xvru.

91 2594 119 2602 -
136 2575 156 2613 t.
173 2571 248 2625 opud,
264 2582 312 2627 roy.
332 2572 395 2615 Rem.
409 2576 443 2625 6⁰,
455 2573 479 2615 d.
491 2596 518 2605 —

91 2638 111 2675 t.
130 2636 316 2688 concurrentem,
335 2633 355 2677 ln
375 2634 463 2677 cohorte
480 2634 516 2689 qui

93 2695 184 2737 montait
194 2694 214 2737 le
227 2696 291 2749 garde
303 2708 329 2739 au
344 2696 414 2753 pelais
430 2697 517 2751 quittait

93 2757 113 2797 le
125 2756 233 2798 rttement
241 2756 342 2799 militaire
350 2762 453 2813 (eom)
464 2770 518 2813 pour

92 2817 184 2871 prendre
205 2818 226 2860 la
244 2823 303 2872 tege,
320 2823 342 2862 ct
357 2832 383 2862 ne
398 2820 517 2863 conservait

92 2878 119 2922 ds
129 2890 165 2921 ses
174 2890 243 2922 armes
258 2892 300 2935 que
312 2880 378 2935 l'dpee
386 2884 408 2923 et
415 2881 437 2924 lr
448 2882 516 2923 lance.

91 2963 119 2973 -
128 2946 148 2983 5.
164 2942 258 2994 detinet,
274 2942 316 2985 elle
331 2942 446 2998 l'empbche
456 2942 481 2985 de
494 2953 517 2984 se

7 3016 8 3019 ¹
92 3014 177 3055 saurer,
196 3004 237 3046 elle
256 3015 311 3047 nous
330 3003 349 3047 le
366 3004 438 3058 gards.
455 3027 482 3036 -
495 3008 515 3047 t.

90 3064 196 3118 cipetum,
204 3064 224 3107 le
235 3069 280 3107 mot
291 3066 373 3108 d'ordre
381 3079 387 3117 ;
396 3078 444 3120 roy.
456 3065 516 3108 nice.

92 3125 147 3168 bist.
161 3147 189 3157 -
211 3132 230 3169 ⁷.
247 3126 375 3181 imputare,
395 3131 468 3183 porter
487 3139 515 3171 au

572 2452 657 2503 compte
674 2448 700 2491 ds
716 2447 845 2503 quelqu'nu3
869 2458 908 2501 par
929 2448 995 2503 suits,

572 2510 678 2563 l'obliger.
689 2532 718 2542 -
733 2516 753 2554 8.
770 2510 823 2552 eine
835 2520 902 2553 more
919 2516 940 2553 et
953 2523 995 2554 os·-

572 2572 737 2625 diormitius,
749 2577 810 2623 ut..,
826 2583 879 2614 sans
895 2571 995 2618 observet

572 2632 603 2675 les
621 2644 700 2687 neeges
717 2638 740 2677 et
758 2632 836 2677 l’ordre
863 2634 892 2677 dn
913 2635 995 2679 service

572 2695 619 2749 (qui
643 2696 736 2748 vonlaitl
755 2706 830 2751 qus...;
854 2707 903 2752 vop.
930 2697 995 2742 aava

572 2762 623 2807 187,
644 2761 694 2809 cut,
722 2768 771 2811 roy.
797 2756 862 2801 lim.
894 2763 939 2809 tet,
960 2765 993 2809 νς

570 2817 705 2873 impribus
721 2819 782 2871 eutr,
801 2828 850 2873 roy.
866 2820 925 2863 Dici.
940 2820 995 2862 bist.

569 2885 624 2923 -a
639 2881 776 2934 miscemur,
790 2882 873 2924 c.·l.-d.
891 2882 995 2936 promis·

570 2953 612 2984 cuo
623 2948 759 2986 amatur.
773 2964 801 2975 -
815 2949 846 2987 to.
859 2943 993 2998 instinctor,

570 3016 618 3057 roy.
642 3004 706 3048 Rem.
724 3013 744 3056 r,
763 3005 785 3048 b.
806 3026 833 3037 -
856 3010 888 3048 tt⁴
908 3005 996 3047 incita·

569 3067 859 3120 monimus-atinum.

597 3126 696 3171 XXXlX.
715 3134 735 3171 ¹.
756 3127 928 3178 vestrumea,
945 3132 996 3174 vol·
