2209 3392
926 82 981 137 tar

82 203 244 260 dubitatum
254 206 275 271 ⁸,
292 204 404 259 Othone
416 219 466 277 per
486 203 597 259 litteras
615 204 763 277 flagitante
778 210 829 261 ute
850 210 981 263 matura-

81 296 156 361 rent,
168 292 307 348 militibus
319 296 351 348 nt
363 292 517 364 imperator
531 308 635 365 pugnae
649 294 761 349 adesset
781 295 980 365 poscentibus3

81 380 209 453 plerique
233 379 329 453 copias
358 384 437 437 trans
462 380 569 437 Padum
598 384 716 454 agentes
744 382 829 439 acciri
852 386 982 455 postula-

81 472 149 528 bant
158 474 179 525 ⁷.
198 469 256 526 Nec
266 469 383 542 perinde
395 470 543 544 dijudicari
557 474 660 542 potest,
671 471 739 543 quid
749 472 891 542 optimum
904 474 980 530 lactu

81 558 168 615 luerit
180 576 265 632 qnam
275 562 288 597 ⁸
298 558 454 631 pessimum
469 558 558 617 luisse
572 560 647 632 quod
660 560 767 616 lactum
780 565 833 617 est.

115 648 172 703 XL.
196 646 260 703 Non
282 650 314 703 ut
334 647 370 703 ad
393 664 519 721 pugnam
542 648 591 704 sed
610 648 645 704 ad
662 648 845 705 bellandum¹
863 651 981 723 proiecti

81 738 256 795 confluentes
271 738 341 794 Padi
356 741 386 793 et
399 739 507 794 Adure¹
525 738 675 794 lluminum
690 740 813 795 sedecim
833 741 899 797 inde
918 741 981 797 mil·

82 827 153 883 lium
165 826 256 897 spatio
269 826 409 883 distantes
420 826 563 899 petebant.
580 826 662 884 Celso
676 832 706 885 et
718 828 837 885 Paulino
852 829 983 886 abnuen-

83 916 159 973 tibus
181 914 300 971 militem
324 914 425 971 itinere
446 916 565 984 fessum,
580 915 701 972 sarcinis
721 933 839 989 gravem
859 917 982 989 objicere

82 1004 158 1061 hosti
171 1019 228 1059 non
243 1002 395 1072 omissuro,
418 1019 474 1076 quo
489 1004 607 1061 miuus³
625 1004 773 1076 expeditus
788 1009 817 1062 et
835 1004 881 1061 vix
894 1011 982 1078 quat-

81 1096 148 1149 tuor
162 1090 268 1147 millia⁴
284 1106 454 1163 progressus
468 1094 518 1148 aut
530 1091 734 1163 incompositos
754 1092 783 1149 in
804 1092 918 1165 agmine
933 1097 983 1150 aut

82 1180 225 1251 dispersos
240 1184 268 1236 et
282 1179 388 1236 vallum
409 1179 560 1237 molientes
580 1180 796 1254 aggrederetur,
810 1180 939 1238 Titianus
953 1185 982 1238 et

458 68 550 133 arnan
574 92 608 133 n.

84 1269 232 1339 Proculus,
242 1268 290 1325 ubi
302 1268 427 1325 consiliis
440 1269 620 1327 vincerentur
629 1275 651 1339 ⁶,
662 1270 697 1325 ad
704 1270 753 1343 jus
768 1269 879 1341 imperii
892 1273 982 1327 trans

82 1344 170 1414 ibant.
193 1358 298 1413 Aderat
317 1373 385 1414 sane
413 1356 487 1415 citus
508 1374 581 1431 equo
605 1357 815 1415 Numidarum
838 1360 982 1416 atrocibus

81 1446 234 1513 mandatis,
248 1445 351 1518 quibus
369 1446 444 1503 Otho
459 1445 598 1520 increpita
618 1447 723 1503 ducum
738 1448 862 1520 segnitia
873 1464 935 1505 rem
953 1448 981 1505 in

80 1535 234 1593 discrimen
246 1534 322 1591 mitti
332 1534 460 1607 jubebat,
469 1552 545 1609 aeger
560 1539 698 1593 moralet
709 1535 769 1607 spei
783 1536 944 1607 impatiens.

116 1624 188 1681 XLI.
204 1623 310 1681 Eodem
330 1623 377 1680 dic·
395 1625 430 1681 ad
453 1623 593 1681 Casinam
608 1623 687 1696 operi
701 1624 816 1696 pontis¹
838 1625 980 1682 intentum

80 1714 138 1770 duo
152 1710 349 1785 praetoriarum
361 1711 521 1767 cohortium
533 1710 641 1767 tribuni
654 1711 829 1784 colloquium
844 1712 905 1785 ejus
921 1730 983 1786 pos·

82 1802 207 1857 tulautes
221 1802 358 1857 venerant
371 1820 378 1855 :
393 1799 491 1857 audire
507 1798 687 1857 condiciones
699 1816 731 1856 ac
746 1800 882 1857 reddere¹
897 1819 982 1873 para-

79 1892 140 1960 bat,
153 1906 217 1946 cum
231 1888 390 1961 praecipites
408 1889 600 1961 exploratores
617 1888 717 1945 adesse
732 1889 843 1945 hostem
866 1890 982 1946 nuntia-

79 1995 158 2037 vere.
181 1977 362 2049 Interruptus
391 1976 573 2035 tribunorum
595 1993 704 2045 sermo,
729 1993 819 2050 eoque
842 1978 981 2035 incertum

81 2066 135 2123 luit
149 2064 266 2122 insidias
278 2082 314 2122 an
327 2064 517 2137 proditionem
532 2066 598 2122 vel⁵
614 2064 727 2137 aliquod
741 2066 894 2123 honestum
912 2083 982 2123 con-

1 2208 2 2211 ’
78 2223 107 2232 -
115 2206 135 2245 5.
143 2198 282 2251 dubitatum,
293 2198 320 2241 cf.
329 2198 445 2248 charnu.
454 2210 475 2241 n.
483 2203 504 2241 l.

77 2286 106 2295 -
113 2267 133 2305 6.
147 2266 181 2314 ut,
190 2274 238 2317 roy.
249 2261 314 2304 Rom.
322 2266 401 2306 lot.-
408 2268 428 2305 7.
437 2266 504 2304 trans

78 2324 181 2375 Padum,
189 2334 227 2365 sur
234 2323 254 2365 la
262 2321 306 2365 rire
315 2323 395 2375 droita;
404 2328 504 2379 agentes,

78 2390 147 2433 terme
157 2384 264 2437 militabo,
274 2384 417 2437 stationnees;
425 2389 505 2437 portu·

78 2446 168 2506 lqbont,
189 2458 238 2501 roy.
257 2447 320 2489 Rem.
340 2452 385 2491 115.
398 2454 505 2491 -8.nec

1 2514 2 2517 ’
75 2510 205 2564 perinde...
222 2521 294 2562 quom
311 2509 396 2563 (s.-ent.
414 2510 505 2565 diJ'udr'-

78 2572 131 2615 cori
146 2572 237 2625 potest),
252 2570 280 2613 ci.
293 2579 423 2623 xxv11‚n.l.

106 2630 154 2674 XL.
169 2636 187 2673 l.
198 2632 230 2673 od
240 2630 381 2683 bellandum,
388 2643 442 2687 pour
451 2630 504 2673 faire

77 2705 209 2747 campagum
232 2693 260 2735 ils
284 2694 428 2736 emmenaient
451 2692 505 2735 donc

77 2768 131 2800 arec
155 2767 195 2798 eux
216 2755 334 2810 equipagcs
360 2760 382 2797 et
402 2756 503 2811 bagages.

76 2842 105 2851 -
117 2824 138 2861 2.
154 2819 296 2872 confluentes
308 2816 369 2860 Padi
388 2822 408 2859 ct
422 2819 502 2861 Adur.

76 2880 155 2923 Surae
167 2889 259 2934 passage
276 2881 320 2921 tr'es
335 2877 430 2931 difficile,
454 2890 502 2931 roy.

76 2940 169 2991 Introit.
181 2962 209 2971 —
219 2944 241 2989 3.
258 2951 308 2983 nco
324 2940 450 2993 omissuro,
465 2940 503 2994 qui

77 3003 133 3049 dicit
141 3002 266 3057 incapacia
273 3002 298 3046 de
309 3002 423 3057 ntgliger..
449 3012 504 3056 quo·

76 3065 171 3117 animm,
187 3075 235 3121 rog.
252 3064 314 3114 Rem.
329 3068 411 3111 tuh-
461 3063 504 3107 aior

559 2203 669 2251 quartuor
680 2199 759 2241 millio
780 2198 802 2252 (6
815 2199 867 2252 til„
881 2205 920 2243 880
934 2201 981 2255 m),

559 2259 632 2302 Tacito
643 2259 688 2302 suit
699 2272 750 2302 sans
763 2259 828 2302 doute
846 2259 874 2302 ici
887 2272 915 2303 un
931 2273 982 2316 rap-

558 2326 608 2376 port
619 2319 719 2363 militairc
733 2332 770 2363 sur
782 2321 802 2362 la
815 2321 909 2373 batahte,
927 2323 982 2364 mais

559 2382 574 2425 il
585 2382 656 2425 oublia
666 2395 707 2437 qua
719 2382 795 2426 Celsus
806 2381 828 2425 ni
837 2382 944 2426 Paulinus
956 2396 982 2427 na

559 2444 674 2499 pouvaient
683 2444 769 2499 pre'voir
779 2446 792 2486 a
801 2445 874 2499 quelle
886 2445 981 2488 distance

559 2507 585 2549 dc
606 2506 653 2548 leur
675 2517 736 2560 camp
760 2506 793 2548 les
818 2505 936 2549 Vitellians
958 2520 981 2549 sc

556 2566 680 2624 letteraient
691 2580 729 2611 sur
740 2568 772 2610 los
782 2568 864 2610 soldats
876 2568 980 2622 d’Othon3

559 2643 607 2685 roy.
621 2635 722 2684 pourtaut
734 2632 824 2673 lotrad.
841 2653 868 2662 -·
882 2638 902 2676 5.
913 2632 972 2675 ubi..

558 2694 715 2745 vincerentur,
742 2706 790 2749 roy.
809 2694 874 2736 nen.
893 2700 938 2739 1⁰7.
955 2718 982 2726 -

558 2762 578 2798 6.
593 2767 652 2809 aeqer
663 2767 737 2807 moro,
747 2756 775 2797 ci.
793 2755 828 2798 cb.
837 2768 913 2809 xxxin,
926 2770 947 2798 n.
962 2764 980 2800 7.

584 2816 640 2859 XLL
651 2822 670 2859 l.
683 2828 750 2869 opera
763 2818 852 2871 pontis,
865 2818 893 2859 cl.
907 2829 981 2867 xxxiv,

558 2882 579 2921 ot
592 2890 641 2933 roy.
656 2878 720 2921 Rem.
734 2884 770 2922 ab.
784 2902 811 2909 -
821 2886 843 2941 a.
858 2881 943 2921 audire
955 2890 982 2922 co

559 2941 663 2991 reddere,
676 2939 703 2983 ct.
716 2940 789 2994 virg,
808 2942 853 2984 En.
865 2941 882 2993 1,
897 2947 944 2985 loo.
954 2962 982 2980 -τ-

559 3000 741 3052 ³.1nterruptur
759 3000 822 3054 (ect);
842 3013 919 3053 coque,
933 3011 971 3053 vop

559 3063 623 3106 Rem.
641 3066 691 3110 lte:
713 3076 771 3106 cn...
791 3064 833 3115 ccl,
854 3076 902 3118 roy.
918 3064 973 3107 [tarn
