2209 3392
163 110 217 166 110
268 120 415 167 conuunu
437 119 538 165 raoni
561 118 776 165 msromaauu
798 118 891 163 creua
915 118 951 162 u.

160 239 300 311 fulgentes
315 237 402 294 armis
422 236 549 309 virisque
563 234 669 307 campi;
685 236 805 291 densum
825 233 989 307 legionum¹
1004 251 1055 306 ag-

160 344 235 398 men,
258 332 372 399 sparsa²
392 326 563 382 auxiliorum
582 341 696 394 manus,
714 323 817 380 altiora
838 338 990 379 murorum
1011 338 1055 376 sa-

118 420 135 451 ·
160 416 240 489 gittis
254 419 304 472 aut
321 416 395 472 saxis
410 416 562 485 incessere,
582 416 711 487 neglecta
727 416 777 470 aut
790 429 849 470 aevo
873 412 968 468 fluxa³
983 427 1056 466 con:-

161 504 254 561 minus
267 505 395 577 aggredi.
412 503 551 577 ingerunt
564 504 687 575 desuper
708 502 861 559 Othoniani
881 500 941 574 pila
956 500 1056 555 librato

162 594 253 667 magis
266 597 295 650 et
307 598 383 650 certo
400 593 475 649 ictu⁴
489 594 625 650 adversus
638 597 744 649 temere
758 592 914 648 subeuntes
926 590 1057 646 cohortes

162 684 377 751 Germanorum,
394 686 478 739 cantu
498 682 571 738 truci
592 685 621 738 et
640 698 719 737 more
734 680 826 753 patrio
841 678 940 736 nudis⁵
959 694 1057 748 corpo-

161 774 240 829 ribus
259 789 344 845 super
361 788 475 829 umeros
489 776 570 828 scuta
585 769 784 843 quatientium.
795 768 985 842 Legionarius
997 768 1059 838 plu-

162 860 214 918 teis
228 864 256 917 et
274 860 397 917 cratibus
413 862 504 916 tectus
528 859 642 915 subruit
657 874 765 928 muros,
781 858 898 914 instruit
912 872 1057 929 aggerem,

161 950 279 1006 molitur
298 952 441 1022 ponar:
474 952 573 1006 contra
598 946 760 1021 praetoriani
792 946 949 1019 dispositos
975 943 1058 1001 adid

162 1040 255 1113 ipsum
276 1040 398 1096 molares
419 1038 529 1111 ingenti
555 1040 679 1111 pondere
700 1054 731 1093 ac
744 1038 856 1109 fragore
877 1036 1057 1108 provolvunt.

163 1130 233 1185 Pars
251 1128 432 1185 subeuntium
452 1127 558 1197 obruti,
571 1129 643 1199 'pars
662 1125 762 1183 confixi
782 1130 812 1182 et
827 1141 991 1199 exsangues
1014 1127 1060 1178 aut

129 1221 131 1225 '
162 1216 259 1287 laceri,
276 1234 341 1272 cum
356 1220 475 1288 augeret
489 1219 618 1288 stragem
635 1213 803 1285 trepidatio,
824 1230 915 1286 eoque
934 1210 1059 1269 acriuse

163 1304 542 1375 moenibusvulnerarentur,
553 1302 671 1373 rediere,
693 1302 813 1360 infracta
822 1302 951 1375 partium
961 1302 1059 1357 famul.

163 1393 198 1449 Et
208 1392 318 1448 Caecina
327 1394 435 1465 pudore
445 1398 541 1463 coeplae
552 1376 659 1449 temere
669 1390 899 1465 oppugnationis,
911 1407 950 1445 ne
962 1388 1059 1445 irrisus

164 1498 294 1538 acvanus
312 1481 415 1537 iisdem
434 1482 535 1539 castris
551 1483 701 1551 assideret,
720 1480 839 1553 trajecto
856 1495 962 1536 rursus
974 1478 1059 1545 Pado,

163 1570 331 1628 Cremonam
357 1575 470 1643 petere⁸
499 1571 631 1628 intendit.
663 1570 816 1626 Tradidere
847 1586 910 1625 sese
946 1566 1058 1625 abeunti

163 1661 309 1717 Turullius
329 1660 448 1717 Cerialis
470 1678 534 1717 cum
557 1660 750 1731 compluribus
771 1658 896 1715 classicis
919 1661 952 1714 et
969 1656 1059 1713 Julius

164 1748 344 1823 Briganticus
369 1766 434 1805 cum
460 1748 558 1821 paucis
584 1748 728 1821 equitum,
751 1747 796 1803 hic
821 1746 975 1819 praelectus
1001 1744 1057 1810 alae,

164 1838 192 1893 in
221 1838 335 1894 Batavis
362 1838 487 1911 genitus,
509 1836 558 1893 ille
580 1835 764 1910 primipilaris
789 1839 818 1893 et
840 1835 960 1892 Caecinae
986 1832 1057 1888 haud

164 1926 283 1995 alienus,
297 1927 374 1999 quod
388 1927 503 1983 ordines
518 1927 546 1982 in
562 1925 712 1982 Germania
726 1926 871 1983 duxeram.

200 2015 295 2070 Xlllll.
316 2015 468 2084 Spurinna,
484 2019 628 2085 comperto
645 2015 746 2071 itinere
760 2014 899 2086 hostium,
915 2014 1057 2070 defensam

189 2220 255 2265 XXll.
274 2226 293 2262 1.
311 2219 436 2276 legionum,
451 2220 483 2263 les
502 2221 586 2273 legion-

164 2283 241 2335 naires,
257 2294 293 2325 car
309 2282 328 2325 si
347 2282 424 2325 Cecina
440 2282 519 2325 n'avait
535 2294 586 2324 avec

163 2346 194 2388 lui
211 2357 252 2399 que
273 2344 293 2387 la
314 2345 372 2387 XXl·
387 2344 479 2399 Rapere,
490 2344 505 2386 ll
528 2345 586 2386 erait

163 2408 268 2450 dansson
287 2408 356 2449 armde
374 2408 405 2451 les
426 2406 586 2449 de'tachemcnts

164 2469 189 2512 de
210 2469 230 2512 la
249 2470 288 2513 lV·
304 2474 326 2512 et
345 2470 371 2512 da
390 2470 499 2514 laxxlr.
520 2492 547 2501 -
565 2476 587 2512 2.

163 2544 256 2585 spureo,
279 2546 304 2575 en
329 2534 390 2575 ordre
414 2532 584 2587 disperse—³.

164 2606 219 2647 eoo,
231 2607 278 2649 roy.
291 2596 354 2637 Rem.
370 2600 394 2646 23
416 2596 492 2648 fleme,
510 2595 586 2647 degra-

69 2650 75 2664 ⁵
164 2656 208 2698 des.
216 2678 244 2686 -
254 2659 274 2697 l.
283 2658 391 2709 desuper,
403 2655 429 2698 de
439 2656 492 2699 baut
501 2669 527 2699 en
539 2656 584 2698 bas:

164 2718 248 2759 librale
259 2719 335 2772 mages
355 2722 374 2760 et
388 2722 449 2759 certo
458 2720 515 2770 ictu,
535 2719 586 2761 der-

165 2779 219 2823 riere
232 2778 290 2822 leurs
306 2791 365 2822 murs
382 2780 475 2821 erenele's
490 2784 514 2823 et
531 2780 586 2823 dans

164 2842 185 2884 ln
208 2841 303 2896 position
322 2841 444 2884 dominante
470 2842 498 2883 oia
514 2840 542 2883 ils
563 2854 587 2885 se

164 2904 294 2957 trouvaient,
303 2904 333 2945 les
341 2902 422 2945 soldals
432 2902 523 2945 d'Otbon
533 2916 586 2957 pou·

164 2968 234 3009 raieut
249 2964 332 3008 donner
351 2966 362 3006 'a
377 2964 435 3007 leurs
452 2977 518 3021 coups
536 2967 586 3021 plus

164 3031 189 3070 flu
207 3026 264 3069 iorce
283 3024 385 3080 (librato)
407 3028 427 3067 et
452 3026 585 3069 d‘assurunce

639 2222 679 2275 dit,
697 2223 750 2264 dont
770 2222 843 2265 Tacite
861 2220 920 2275 parle
941 2221 992 2277 plus
1012 2220 1056 2262 lon·

639 2289 746 2337 guement,
765 2285 841 2327 Germ.
860 2288 884 2337 33
905 2283 988 2334 nudie,
1012 2294 1059 2323 sens

639 2358 711 2400 sapon.
724 2368 751 2377 -
769 2352 788 2389 6.
801 2357 914 2402 aggerem,
935 2356 985 2399 vop.
1003 2345 1056 2386 Ilici.

638 2410 701 2461 biet.;
722 2409 821 2451 motitur
840 2413 931 2462 portae,
953 2408 1057 2450 s'ecbernc

638 2476 712 2513 contre
721 2470 753 2513 les
765 2474 877 2524 partea-
889 2476 910 2513 7.
922 2480 1056 2523 wsaeguee,

638 2532 723 2585 epuisds
730 2532 756 2574 de
765 2544 831 2587 sang,
840 2532 975 2586 trepidatio,
984 2532 1003 2573 la
1014 2530 1057 2571 heile

639 2599 661 2637 et
674 2595 694 2636 le
707 2595 820 2647 de'sordre3
836 2594 941 2645 infracto
954 2594 1057 2647 portium

637 2657 712 2709 same,
726 2656 839 2699 l'honneur
854 2654 883 2697 du
904 2655 962 2710 parti
984 2666 1010 2695 en
1028 2653 1057 2694 lut

639 2719 774 2773 compromis.
788 2743 814 2752 -
829 2725 849 2762 a.
864 2718 976 2772 cecidere,
996 2721 1057 2758 terme

639 2782 763 2835 mdprisant,
788 2794 812 2825 se
835 2780 891 2824 tenir
911 2778 957 2830 c013
976 2783 1055 2831 petere,

638 2856 686 2898 roy.
699 2845 762 2887 Rem.
785 2849 831 2888 lli.
849 2866 876 2875 -
895 2848 916 2885 9.
938 2852 993 2885 eum
1002 2852 1056 2893 pou·

637 2906 673 2947 cie
691 2906 804 2957 mcum,
824 2904 1004 2959 roy.1iem.23;
1023 2911 1056 2940 or-‘

638 2968 731 3009 diues...
759 2967 870 3018 decrerat,
890 2965 906 3007 il
925 2963 983 3006 avait
1004 2960 1055 3003 sarri

638 3040 688 3071 avec
701 3029 720 3071 le
748 3031 796 3072 rade
809 3029 835 3072 de
849 3025 959 3070 centurion
976 3023 1057 3077 premi·

164 3088 249 3145 (certo).
262 3108 289 3121 —
298 3097 317 3133 a·
330 3094 402 3132 ceretu
412 3090 481 3143 eruet,
493 3086 513 3131 le
532 3089 585 3131 bor-
635 3091 691 3144 pile.
