2209 3392
480 171 574 215 ursan
594 170 616 213 1.
959 156 993 213 71

91 284 216 359 uirisque
237 286 395 343 diffidentia
412 284 596 359 praesentium
614 282 802 340 mutationem
819 300 926 357 parens
943 285 996 339 ad·
1020 359 1023 367 Ι

91 392 194 433 versus
225 376 370 448 publicum
387 376 482 432 odium
508 374 649 447 privatam
681 374 804 447 gratiam
833 377 994 447 praeparat:

91 466 169 521 unde
197 466 277 521 nulla
306 464 475 522 innocentia
500 481 579 527 eura,
612 464 663 519 sed
688 463 764 519 vices
785 461 994 535 impunitatis⁷.

93 554 134 610 Eo
153 552 293 610 infensior
310 554 443 627 populna,
464 551 562 609 addita
582 553 619 608 ad
641 555 724 608 vetus
744 550 878 624 Tigellini
898 549 995 607 odium

92 640 201 697 recenti
213 638 267 695 Titi
282 640 355 695 Vinii
367 637 482 709 invidia,
491 656 661 696 concurrere
674 656 707 695 ox
719 642 780 696 tota
790 640 860 696 urbe
875 638 903 695 in
913 638 994 697 Pala·

94 727 169 785 tium
184 744 217 783 ao
231 728 317 799 fora⁸,
339 734 377 800 et,
397 728 444 785 ubi
461 728 586 799 plurima
600 726 678 800 vulgi
695 726 818 798 lieentia,
839 728 869 783 in
887 727 995 783 circum

92 830 124 871 an
133 814 247 871 theatra
261 812 343 869 effusi
359 812 503 870 seditiosis
515 813 631 869 vocibus
644 815 781 885 strepere,
795 814 884 869 donee
897 811 997 884 Tigel-

93 901 169 958 linus
193 894 306 977 aocepto
328 903 401 974 apud
428 902 619 961 Sinuessanas
643 906 753 977 aquas⁰
780 919 920 975 supremae
942 919 996 959 ne-

93 992 235 1049 cessitatis
254 991 356 1049 nuntio
378 991 452 1047 inter
472 995 573 1064 stupra
599 992 822 1048 concubinarum
846 994 875 1048 ot
899 994 996 1048 oscula

3 1114 4 1117 =
93 1084 123 1137 et
146 1081 290 1139 deformes
316 1097 411 1137 moras
437 1081 522 1137 sectis
548 1082 688 1137 novacula
706 1080 836 1138 faucibus
858 1081 994 1137 infamem

94 1168 182 1225 vitam
194 1170 309 1226 foedavit
323 1168 409 1226 etiam
425 1168 501 1225 exitu
514 1186 579 1226 sero
598 1173 627 1226 et
640 1169 802 1226 inhonesto.

129 1258 250 1315 LXXlll.
276 1259 327 1315 Per
344 1258 419 1314 idem
434 1262 548 1332 tempus
567 1260 745 1332 expostulata
767 1260 803 1315 ad
824 1258 994 1332 supplicium

94 1346 192 1403 Calvia
218 1347 381 1420 Crispinilla
395 1347 481 1404 variis
503 1348 739 1405 frustrationibus
760 1351 789 1405 et
804 1350 924 1406 adversa
939 1349 994 1405 dia·

92 1436 256 1493 simulantis
280 1435 416 1508 principis
436 1438 512 1493 fama
535 1436 681 1509 perieulo¹
707 1441 836 1509 exempta
859 1441 913 1495 est.
929 1439 994 1494 Ma·

92 1524 185 1596 gistra
210 1522 361 1580 libidinum
389 1522 520 1595 Neronis,
551 1528 734 1600 transgressa
753 1525 782 1581 in
808 1526 931 1583 Africam
958 1528 994 1583 ad

92 1610 289 1685 instigandum
308 1612 336 1669 in
353 1629 431 1669 arma
446 1613 579 1670 Clodium
597 1614 724 1670 Macrum
744 1614 868 1671 famem’
889 1616 993 1686 populo

92 1702 221 1758 Romano
245 1702 322 1758 haud
346 1702 466 1758 obscure
493 1702 603 1771 molita,
629 1702 719 1759 totius
744 1707 843 1775 postea
868 1704 993 1761 civitatis

91 1790 215 1864 gratiam
247 1790 381 1861 obtinuit,
415 1791 559 1849 consulari
592 1792 776 1849 matrimonio
808 1794 931 1849 subnixa
965 1799 994 1849 et

92 1882 188 1953 npud³
208 1881 334 1951 Galbam,
353 1880 505 1947 Othonem,
529 1880 676 1937 Vitellium
691 1881 790 1950 illaesa,
812 1899 877 1939 mox
891 1885 993 1953 potens

91 1969 210 2041 pecunia
233 1972 262 2026 et
284 1969 415 2039 orbitate,
437 1986 501 2041 quae
526 1969 610 2025 bonis
638 1972 778 2043 malisque
797 1970 995 2042 temporibus‘

89 2059 170 2131 juxta
185 2058 289 2115 valent.

127 2144 244 2203 LXXIV.
262 2145 375 2202 Crebrae
398 2145 513 2202 interim
537 2151 565 2203 et
583 2147 769 2205 muliebribus
790 2148 992 2205 blandimentis

90 2236 201 2291 infectae
232 2234 266 2291 ab
298 2235 408 2291 Othone
436 2236 471 2291 ad
503 2235 648 2293 Vitellium
678 2237 808 2308 epistula
838 2237 994 2295 offerebant

91 2324 241 2397 pecuniam
267 2326 296 2379 et
325 2322 447 2396 gratiam
475 2326 503 2380 et
533 2341 742 2398 quemeumque
768 2325 873 2397 quietis
898 2326 992 2382 lorum

571 2539 644 2593 fuges3
655 2540 769 2592 periculo,
780 2520 829 2593 roy.
840 2539 903 2582 Rem.
921 2544 955 2592 32,
969 2542 990 2585 b.

570 2624 596 2631 —
606 2602 738 2643 tiliodium
746 2602 861 2653 Macram,
871 2600 938 2645 atah.
947 2614 990 2654 vu,

89 2537 247 2579 clementia...
261 2537 302 2578 aed
315 2536 428 2591 effugium
441 2537 468 2579 in
478 2536 516 2587 fre

89 2606 179 2651 lurum,
197 2610 246 2653 roy.
261 2599 324 2641 Rem.
340 2602 377 2641 lto
389 2603 410 2640 et
423 2605 468 2651 206,
485 2604 513 2641 2‘.

89 2684 116 2691 -
127 2661 350 2713 7.unde=ttoquo;
363 2660 423 2703 uices
437 2662 515 2715 tropu-

89 2722 181 2772 nftotis,
201 2732 230 2762 un
253 2732 368 2763 commemo
389 2721 515 2777 d‘impuuite'

90 2782 217 2837 (Barnous).
233 2806 260 2815 —
271 2790 290 2827 8.
307 2784 370 2836 fora,
386 2796 434 2838 roy.
453 2790 514 2827 notre

90 2845 160 2887 Plan.
170 2867 197 2875 —
212 2851 232 2889 9.
243 2847 315 2897 apud,
331 2858 382 2899 roy.
396 2846 461 2888 Rem.
476 2852 512 2897 593

89 2906 513 2961 subornationem,carniolam,

89 2969 123 3011 oh.
132 2975 153 3018 2,
162 2971 184 3009 et
190 2980 238 3021 roy.
246 2968 305 3009 Diot.
314 2969 368 3011 litat.

116 3029 212 3072 LXXIII.
230 3036 248 3071 l.
266 3030 348 3072 Calvio
365 3030 513 3085 Crispinilla,

89 3092 117 3133 of.
132 3090 202 3141 Dion,
222 3104 288 3143 nuru,
306 3099 341 3145 123
359 3092 435 3135 variis
450 3093 515 3143 frus-

90 3154 240 3205 trationibus,
275 3166 312 3208 par
338 3154 408 3197 divers
429 3156 514 3197 subter-

568 2663 664 2714 fomam,
680 2675 706 2704 en
725 2666 823 2705 releuant
838 2662 870 2705 les
883 2663 992 2706 raisseaur

570 2724 659 2777 charges
670 2724 696 2768 de
710 2724 752 2767 blt.
774 2748 801 2756 —
822 2730 841 2767 3.
856 2728 928 2779 apud,
943 2738 991 2780 roy.

570 2786 633 2828 Rem.
642 2793 676 2839 60,
686 2799 706 2829 o.
717 2810 744 2818 -
757 2790 777 2829 4.
788 2788 894 2838 orbitate,
903 2787 961 2829 riche
971 2790 992 2828 et

569 2860 620 2891 sans
638 2848 737 2891 boritiers
756 2849 857 2900 naturale,
879 2849 919 2891 elle
940 2848 992 2891 enit

570 2912 669 2952 auroure'e
677 2911 740 2953 d’nne
752 2910 867 2953 ineritable
880 2916 956 2965 tronpe
966 2910 992 2951 de

569 2970 702 3022 courtisans3
719 2972 787 3013 bonis
803 2973 918 3024 motisque
934 2977 993 3013 tam-

567 3033 679 3084 pontus,
697 3033 717 3074 la
739 3033 847 3087 captation
868 3033 906 3075 des
927 3035 992 3073 tosta-

569 3099 639 3135 ments
647 3099 680 3136 est
690 3107 730 3137 une
740 3094 777 3136 des
787 3094 854 3147 ptaies
867 3095 893 3137 de
903 3095 924 3137 la
938 3092 993 3134 civi-

569 3155 654 3198 lisution
664 3167 714 3197 sous
725 3155 827 3209 l'ompiro.
