2209 3392
274 143 386 199 2131&
622 155 1002 203 affirmantius
1050 155 1163 195 sun
1211 155 1291 195 LA
1331 155 1711 199 GRAMMAHOE

274 275 374 319 trun
402 283 566 315 contin
586 283 646 315 en
678 267 801 315 latin.
830 275 878 315 et
910 283 970 315 nn
998 271 1223 331 presente
1247 283 1339 331 pus
1367 267 1491 315 dans
1511 267 1679 315 Tame
1707 267 1771 315 de
1803 271 2067 331 particula-

274 339 390 387 ritr'ffi
418 339 814 403 τετηεινψιῡωεεξ,
846 339 962 403 cm,
982 339 1651 399 2331111,1÷¹i:cr÷2didffl=im;
1679 339 1735 401 ΙΙΙ
1767 351 1955 391 mvn.
1987 343 2067 391 m:

274 411 646 466 concessurus-15
675 423 719 472 L,
750 411 778 457 5
810 423 822 455 t
853 411 1191 457 crediderim.

335 479 405 527 On
441 483 559 541 peut
600 492 661 526 en
693 477 801 525 dire
843 481 1019 527 autaut
1058 477 1120 526 de
1159 491 1216 526 ce
1259 480 1423 526 meme
1464 476 1647 541 parfait
1693 477 1931 542 employe
1961 481 1996 528 a
2033 479 2080 527 ia

272 553 322 601 3·
346 562 590 613 personne
618 562 738 597 avec
773 563 841 597 un
885 547 1017 611 sujet
1051 547 1341 612 determine,
1376 562 1571 598 comme
1611 549 1649 615 1,
1682 562 1854 615 mxu,
1883 550 1916 597 6
1946 564 1960 598 :
1988 551 2082 598 via:

271 621 391 670 ulla
423 620 562 668 acies
589 618 868 668 obstiterit.

333 689 456 739 Mais
480 692 544 737 ou
584 689 775 753 l'usage
800 690 863 739 de
896 690 1063 739 Tacite
1089 692 1299 740 s'ecarte
1322 691 1385 739 de
1420 689 1550 739 celui
1574 690 1637 739 de
1662 689 1908 754 l'epoque
1950 690 2084 739 clas—

272 761 434 824 sique,
476 761 601 809 c'est
639 760 809 824 quand
836 759 869 809 ἰΙ
907 761 1085 810 mette
1124 760 1404 824 subjonctif
1437 760 1624 824 parfait
1659 762 1730 809 du
1757 762 1921 810 verbe
1966 777 2082 810 sum

269 846 392 881 avec
415 845 483 880 un
510 830 715 894 adjectis
728 836 902 880 neutre
921 836 1058 880 etun
1084 829 1216 895 sujet
1236 831 1599 897 impersonnel,
1621 846 1827 881 comme
1847 832 1911 897 11,
1941 847 2004 895 11,
2027 834 2082 882 5:

271 902 421 950 haud
462 901 638 964 suerit
684 900 921 963 longum.
968 901 1039 950 La
1089 906 1327 951 tournure
1375 906 1453 950 est
1496 916 1675 951 encore
1734 902 1857 965 plus
1905 902 2082 952 hardie

271 972 440 1035 quand
470 972 520 1021 ia
555 970 867 1036 proposition
909 976 985 1020 est
1020 975 1295 1036 nettement
1321 971 1642 1027 affirmative,
1684 972 1744 1036 11,
1772 986 1951 1037 Lxxvx,
1988 976 2040 1022 ll
2071 988 2081 1020 :

266 1057 500 1108 pro-mus
523 1042 722 1105 suerin
747 1046 796 1091 et
815 1042 872 1105 11,
904 1055 1086 1103 mvn,
1113 1046 1141 1092 5
1164 1059 1175 1090 z
1204 1042 1498 1092 absurdum
1512 1042 1695 1107 suerit.

339 1177 444 1227 102.
464 1172 660 1224 Jubere
684 1187 806 1222 avec
830 1172 878 1222 le
907 1170 1196 1235 subjonctit',
1230 1186 1348 1221 sans
1379 1174 1542 1221 meme
1568 1172 2005 1223 l'intermediaire
2030 1174 2086 1223 de

274 1245 323 1294 la
347 1243 663 1308 conjonction
688 1250 768 1307 ut,
786 1256 982 1293 comme
1006 1244 1064 1305 11,
1089 1256 1221 1297 XLVI,
1238 1244 1298 1292 4:
1333 1244 1533 1292 bonum
1560 1243 1773 1293 haberet
1800 1244 2083 1309 animum,

264 1314 544 1379 jubebant,
571 1318 647 1362 est
682 1327 777 1361 une
815 1312 1153 1362 construction
1178 1312 1283 1378 qui,
1310 1313 1454 1363 selon
1487 1317 1623 1362 toute
1650 1328 1971 1380 appaream,
2001 1331 2089 1379 ap-

277 1386 493 1449 partient
527 1399 594 1433 au
622 1384 746 1433 latin
777 1384 1063 1447 populaire3
1104 1397 1193 1433 car
1218 1398 1285 1434 on
1324 1383 1373 1433 le
1411 1389 1674 1434 rencontre
1712 1389 1924 1435 surtout
1960 1388 2088 1436 dans

277 1457 350 1506 les
378 1455 631 1517 comiques
663 1460 711 1524 et
738 1455 860 1504 chez
890 1455 961 1503 les
986 1459 1196 1504 auteurs
1230 1455 1293 1504 de
1324 1454 1453 1504 Bell.
1479 1454 1640 1503 Aleos.
1666 1459 1719 1504 et
1741 1455 1891 1507 Bell.
1926 1457 2085 1521 Hisp.

338 1589 442 1638 103.
478 1586 713 1651 Poscere,
730 1599 852 1635 avec
873 1590 934 1633 ut
964 1589 1012 1635 et
1033 1584 1080 1633 le
1104 1582 1399 1649 subjonctif,
1424 1599 1489 1633 ne
1517 1598 1572 1633 se
1601 1589 1878 1636 rencontre
1902 1602 2002 1651 pas
2031 1603 2087 1638 en

274 1656 577 1777 galtgrgnffiant
612 1657 781 1706 Tacite
817 1655 898 1717 (cf.
934 1656 994 1720 11,
1033 1669 1202 1720 mur,
1237 1656 1284 1719 6)
1327 1655 1377 1704 ni
1415 1657 1565 1717 apres
1594 1654 1683 1719 lui,
1716 1661 1937 1722 excepte
1961 1659 2087 1709 dans

339 1856 446 1906 104.
481 1853 650 1903 Tacite
679 1851 894 1916 empioie
919 1851 1288 1914 frequemment
1319 1864 1425 1914 quo
1451 1850 1633 1900 minus
1653 1854 1706 1900 et
1729 1849 1781 1900 le
1808 1850 2089 1917 subjonetit

277 1926 326 1975 ia
363 1928 426 1974 ou
470 1925 567 1973 Pon
608 1922 885 1973 attendi-ait
927 1921 1185 1985 i'infinitif,
1229 1936 1320 1986 par
1357 1921 1587 1984 exemplo
1629 1923 1787 1982 apres
1831 1922 2089 1973 dubitare

280 2012 304 2044 α
335 1996 518 2044 hesiter
548 2011 572 2042 ι)
611 1995 688 2059 (11,
709 2008 816 2057 nv,
843 1997 905 2043 5:
936 2008 1088 2042 nec...
1119 1992 1446 2056 dubitatum,
1473 2006 1579 2054 quo
1602 1992 1813 2054 minus)
1832 2006 1905 2042 ou
1936 1999 2087 2058 apres

277 2066 516 2114 omittere
541 2064 613 2127 (11,
648 2078 727 2128 xn,
759 2067 787 2113 3
815 2078 826 2111 :
855 2078 964 2112 non
989 2063 1251 2112 omissuro
1276 2075 1381 2124 quo
1409 2063 1608 2125 minus)
1625 2076 1639 2126 ;
1665 2061 1702 2111 il
1736 2062 1853 2112 faut
1882 2065 1952 2113 de
1977 2065 2089 2129 pius

278 2148 567 2198 remarquer
585 2133 731 2197 qu’ici
759 2148 822 2183 on
854 2134 1044 2183 devrait
1067 2148 1133 2182 au
1157 2133 1323 2182 moins
1345 2131 1484 2181 avoir
1503 2133 1656 2197 quin,
1684 2132 1736 2181 la
1760 2136 2088 2198 proposition

278 2205 552 2271 principale
581 2209 719 2255 etant
745 2205 994 2270 negative.

344 2338 444 2388 105.
475 2336 604 2385 C’est
625 2334 883 2384 d’ailleurs
907 2347 1004 2383 une
1043 2331 1392 2397 particularite
1416 2332 1478 2383 de
1508 2332 1561 2382 ia
1596 2333 1785 2398 langue
1812 2335 1879 2385 de
1918 2337 2090 2386 Tacite

278 2422 373 2471 que
403 2412 529 2457 cette
559 2405 821 2462 confusion
864 2405 927 2455 de
967 2418 1073 2467 quo
1103 2404 1285 2452 minus
1326 2408 1375 2452 et
1403 2404 1464 2453 de
1493 2406 1647 2470 quin,
1695 2404 1759 2455 cf.
1805 2408 1984 2468 (outre
2018 2407 2090 2457 ies

278 2481 406 2529 deux
437 2478 693 2542 exemples
716 2477 987 2540 ci-dessus)
1017 2478 1052 2541 1,
1084 2488 1225 2538 xvm,
1249 2478 1309 2526 3:
1345 2490 1454 2525 non
1479 2476 1696 2543 terruit,
1722 2490 1835 2540 quo
1867 2480 2088 2534 minus,-

278 2564 373 2613 mr,
398 2554 453 2599 6:
474 2564 568 2599 nec
596 2561 753 2598 mora
780 2562 886 2612 quo
920 2547 1173 2604 minus..‚·
1200 2559 1385 2603 Lxxxn,
1424 2550 1444 2597 1
1471 2562 1484 2595 ε
1518 2546 1749 2609 impetus
1775 2562 1851 2597 ne
1873 2548 2088 2612 foribus

278 2620 549 2685 quidem...
586 2619 862 2682 commuue,
885 2632 990 2681 quo
1024 2617 1222 2681 minus,
1252 2621 1348 2665 etc.

344 2751 449 2801 106.
479 2748 603 2799 Non
626 2749 777 2815 quia,
803 2763 868 2797 au
893 2748 993 2797 lieu
1023 2748 1086 2797 de
1110 2762 1221 2796 non
1245 2748 1389 2812 quod
1418 2749 1547 2811 (non
1567 2750 1713 2814 quo),
1746 2763 1874 2799 avec
1891 2748 1945 2799 ie
1973 2752 2088 2799 sub-

272 2816 469 2883 jonctif‚
501 2822 579 2867 est
613 2821 711 2867 tres
753 2833 861 2867 rare
904 2821 1031 2868 dans
1065 2818 1116 2868 la
1141 2818 1344 2881 periode
1373 2820 1625 2883 classique
1663 2824 1714 2869 et
1753 2819 1997 2885 frequent
2026 2838 2085 2871 au

279 2889 522 2939 contraire
550 2889 675 2938 dans
694 2890 893 2939 Tacite:
919 2890 953 2947 1,
981 2903 1118 2952 xxxx,
1148 2889 1237 2939 13:
1268 2904 1379 2939 non
1397 2892 1569 2954 quia..
1596 2906 1783 2941 casum
1803 2907 2083 2956 paveam..

339 2958 466 3010 Non
502 2960 696 3023 quia...
740 2974 866 3016 non,
906 2973 969 3008 ne
1003 2974 1058 3009 se
1093 2965 1269 3010 trouve
1311 2975 1400 3025 pas
1437 2976 1537 3011 non
1577 2963 1689 3026 plus
1720 2965 1823 3012 tres
1869 2972 2084 3014 souvent

281 3031 402 3081 chez
449 3032 523 3081 les
567 3030 862 3095 classiques‚
910 3029 997 3093 qui
1048 3031 1297 3093 preferent
1348 3048 1401 3082 se
1447 3032 1605 3082 servir
1644 3034 1707 3083 de
1749 3048 1864 3085 non
1912 3037 2083 3100 quin:

280 3104 345 3153 cf.
372 3104 408 3168 1,
441 3118 519 3167 xv,
554 3104 609 3152 10
637 3118 648 3150 :
683 3116 792 3151 non
815 3103 950 3165 quia
972 3102 1372 3166 propinquos...
1399 3122 1507 3156 ηοη
1528 3104 1771 3156 habeam.
