2209 3392
946 90 1000 143 115

101 217 224 286 iecere⁷3
247 216 414 274 vulneratus
434 231 483 272 rex
499 214 659 287 Epiphanes
679 213 800 287 impigre
819 230 870 287 pro
889 214 1003 273 Othone

102 322 231 380 pugnam
249 305 353 362 ciens0.

137 392 235 449 XXVI.
249 394 321 449 Tum
334 392 512 449 Othonianus
522 393 609 464 pedes
621 391 731 463 eropit3
745 392 867 464 protrita
876 393 1002 449 hostium

101 482 172 551 acie,
184 482 259 539 versi
275 480 303 537 in
314 483 411 561 iugem
422 481 507 537 etiam
518 480 567 553 qui
582 481 800 548 subveniebant3
812 498 878 537 nam
893 480 1003 538 Caecina

101 586 160 627 non
173 570 275 625 simul¹
295 570 437 638 cohortes
451 570 501 625 sed
516 569 648 641 singutas
662 569 811 637 acciverat,
828 587 891 642 qum
906 587 954 627 res
972 570 1002 625 in

102 658 202 731 proelio
215 657 435 730 trepidationem
452 658 540 728 auxit,
554 675 620 715 cum
640 658 804 732 dispersos²
819 676 871 716 nec
882 676 1004 732 usquam

102 747 214 805 validos
234 760 323 819 pavor
338 745 509 819 fugientium
524 746 677 819 abriperet.
700 747 770 803 Octa
788 750 817 804 et
836 748 866 803 in
886 745 1005 805 castris³

104 835 218 904 seditio,
231 835 307 907 quod
317 850 375 891 non
385 834 510 891 universi
526 836 698 893 ducerentur
714 856 720 890 :
734 835 846 893 vinctus
855 836 1005 907 praefectus

103 928 267 982 castrorum
295 922 391 980 Julius
413 924 526 990 Gratus,
552 928 690 997 tanquam
715 925 797 981 fratri
819 926 894 997 apud
914 925 1006 982 Otho-

105 1030 172 1077 nem
185 1011 320 1068 militanti
329 1012 519 1084 proditionem
529 1016 637 1085 ageret,
651 1030 716 1069 cum
732 1013 851 1069 fratrem
864 1013 937 1086 ejus,
951 1013 1003 1070 Ju-

105 1103 178 1159 lium
196 1100 371 1158 Frontonem
391 1101 549 1170 tribunum,
576 1101 729 1159 Othoniani
755 1103 808 1158 sub
829 1103 931 1159 eodem
948 1102 1006 1158 cri-

28 1226 33 1237 ·
103 1191 181 1260 mine
194 1186 378 1247 vinxisseut‘.
395 1188 529 1246 Ceterum
544 1206 578 1246 ea
599 1190 704 1262 ubique
725 1189 848 1247 iormido
864 1190 918 1247 init
930 1191 1006 1264 apud

54 1278 58 1287 '
103 1280 255 1354 fugientes,
278 1282 471 1349 occursantes
498 1277 527 1335 in
553 1279 623 1351 acie,
653 1295 705 1351 pro
733 1280 832 1347 vailo⁸‚
858 1283 891 1337 ut
918 1280 1006 1337 deleri
1065 1334 1066 1339 ,

103 1387 170 1427 cum
183 1368 317 1425 universo
335 1368 459 1425 exercitu
479 1367 621 1425 Caecinam
644 1367 782 1441 potuisse,
803 1369 832 1425 ni
853 1369 1007 1427 Suetonius

104 1457 243 1515 Paulinus
264 1456 389 1528 receptui
405 1456 564 1527 cecinisset,
589 1456 720 1532 utrisque
742 1458 772 1514 in
793 1458 924 1529 partibus
939 1476 1008 1532 per-

103 1546 288 1605 crebrueritfl.
300 1546 441 1603 Timuisse
450 1562 480 1603 se
489 1546 628 1603 Paulinus
644 1547 753 1604 serebat
768 1550 881 1603 tantum
891 1547 1008 1620 insuper

103 1635 211 1692 loboris
240 1638 325 1707 atque
345 1634 467 1705 itineris,
495 1651 530 1692 ne
561 1634 729 1692 Vitellianus
758 1635 841 1692 miles
870 1652 967 1693 recens
992 1652 1008 1692 e

103 1724 207 1782 castris
229 1723 319 1779 fessos
340 1722 547 1795 aggrederetur
575 1728 604 1781 et
629 1722 768 1795 perculsis
791 1725 903 1781 nullum
930 1728 1008 1781 retro

103 1812 264 1871 subsidium
277 1811 377 1868 ioret⁷.
388 1811 487 1883 Apud⁸
497 1828 602 1883 paucos
612 1828 646 1868 ea
656 1811 736 1868 ducis
751 1811 824 1869 ratio
835 1812 964 1885 probata,
979 1812 1008 1871 in

104 1900 210 1971 vulgus
222 1900 341 1956 advorso
354 1916 469 1957 rumore
482 1900 546 1956 fuit.

141 1988 250 2045 XXVII.
264 1989 347 2047 Haud
357 1990 473 2063 perinde
487 1989 514 2045 id
528 1990 665 2048 damnum
677 1990 844 2049 Vitellianos
857 1991 888 2047 in
899 1994 1008 2049 metum

477 100 570 144 LIBER
592 102 627 144 11.

103 2213 225 2255 rumpere.
240 2224 267 2233 -
290 2206 310 2245 7.
328 2202 530 2255 pretorianorum

103 2264 222 2317 equitum,
241 2275 294 2306 ceux
318 2263 355 2318 qui
380 2262 464 2305 avaient
482 2263 532 2305 cxe'-

103 2327 155 2369 cuti
165 2326 184 2367 le
197 2329 333 2368 mourement
345 2328 454 2368 conruent.
467 2348 494 2357 —
511 2332 530 2368 8.

103 2390 179 2440 cirne,
208 2398 289 2430 comme
310 2388 450 2439 accenderem
476 2397 530 2440 pro,

105 2462 155 2503 roy.
169 2450 231 2492 Rem.
244 2456 277 2494 72.

133 2510 213 2553 XXVI.
227 2518 245 2555 1.
258 2510 339 2563 simut,
349 2522 398 2564 roy.
407 2509 471 2553 Rem.
483 2515 529 2554 171.

104 2596 133 2605 -
152 2579 173 2615 2.
187 2573 317 2626 dispersor,
337 2572 370 2615 les
390 2571 488 2615 cohortes
506 2571 533 2614 de

105 2634 184 2678 Cicina
211 2634 329 2677 arriraient
353 2634 487 2689 separemeni
511 2636 533 2674 et

107 2695 211 2740 n’e'taient
226 2695 284 2739 nuile
298 2701 347 2750 part
370 2706 397 2737 en
420 2694 485 2738 iorce·
506 2717 533 2725 -

107 2762 127 2801 3.
141 2759 169 2799 irc
181 2757 267 2801 caetris
277 2759 315 2811 (sc.
333 2755 531 2810 Vitellianorum),

106 2832 159 2863 sous
174 2820 205 2863 les
218 2831 284 2871 murs,
294 2831 322 2862 ou
332 2824 379 2862 tout
390 2820 439 2874 pres
449 2819 475 2861 de
484 2817 533 2861 Crt-

108 2891 178 2925 mone.
191 2902 218 2911 -
226 2885 246 2925 4.
253 2881 378 2933 praefectur
390 2883 532 2930 castrorum,

108 2954 159 2995 roy.
170 2942 223 2985 Dict
243 2943 308 2994 hiem
320 2947 441 2995 tanquam,
450 2942 524 2996 pre'ten

108 3006 162 3049 dant
171 3015 239 3059 que„
252 3014 300 3058 vop.
316 3005 379 3048 Rem.
395 3003 533 3058 19⁶3lrctrr',

108 3076 163 3125 pour
172 3077 212 3107 son
226 3067 287 3118 nere,
302 3076 353 3121 roy.
365 3066 429 3117 tino.

585 2203 664 2243 eodem
688 2201 802 2251 crimine.
829 2212 883 2256 pour
901 2202 921 2244 le
943 2203 1010 2245 mimo

586 2264 651 2315 grief,
669 2275 717 2317 vop.
728 2264 791 2305 Rern.
803 2269 885 2307 81.-5.
894 2264 1010 2317 Ceterum,

586 2326 613 2366 ci.
620 2324 656 2366 ch.
664 2336 706 2375 ur,
716 2336 737 2365 n.
745 2330 764 2375 ³3
770 2324 895 2378 sopientes,
905 2330 954 2370 etc..
962 2338 1009 2379 vop.

585 2387 648 2428 Rem.
664 2391 711 2434 203.
730 2391 764 2437 2⁰3
780 2398 826 2438 pro
843 2386 913 2439 rouo,
932 2387 1012 2430 derunt

585 2447 618 2490 leo
637 2446 826 2490 retranchemento.
840 2469 867 2478 -
883 2453 904 2490 o.
919 2460 1012 2501 percre-

586 2510 683 2558 bruerit.
704 2521 752 2563 vop.
771 2509 833 2550 Rem.
850 2514 931 2553 1η-
943 2516 963 2552 7.
975 2512 1011 2562 se-

585 2571 658 2621 rebat,
673 2570 688 2612 il
706 2569 818 2621 allegunt,
837 2582 885 2625 roy.
903 2572 966 2614 Rern.
983 2579 1010 2625 23

586 2637 707 2675 molum...
729 2632 834 2685 itineris,
851 2632 871 2674 le
888 2633 963 2687 champ
986 2636 1013 2677 do

586 2693 735 2737 boteilloetait
753 2692 840 2747 dloigne
857 2694 883 2738 de
897 2695 1010 2749 Cremone,

586 2755 666 2799 c.-i·d.
677 2755 704 2798 du
712 2767 773 2809 camp
781 2757 819 2798 des
828 2755 952 2810 vitulinus,
963 2757 1011 2799 d'au

587 2817 657 2860 moins
670 2823 694 2860 12
705 2816 775 2859 milles
787 2819 846 2874 (pree
858 2818 884 2861 de
895 2823 907 2861 t
918 2818 1012 2862 lieneset

588 2880 678 2933 demio);
693 2891 723 2922 ne
732 2879 831 2935 expliquo
846 2886 938 2924 tantum
950 2882 1013 2923 tabo-

586 2941 622 2984 ris
638 2946 706 2994 atque
723 2942 831 2994 urnam
847 2948 892 2987 et...
908 2942 1011 2991 nuttam.

588 3015 707 3060 poorrceoe
721 3003 804 3058 uitem,
822 3016 870 3058 roy.
891 3004 954 3046 Heni.
965 3008 1013 3048 176.

587 3065 781 3131 *topudnop
805 3065 913 3117 [tronto.
933 3080 952 3117 p.
