2209 3392
185 128 189 130 ’
277 136 385 190 162
667 146 959 189 CORNELII
1002 144 1198 189 TAcrm
1252 145 1674 187 numunianum

218 258 226 266 '
271 261 386 317 illis
415 262 737 317 consultare
777 275 901 315 mos
948 262 1115 328 est¹⁰,
1160 262 1565 315 concurrentes
1606 260 1661 313 et
1699 258 1759 313 in
1786 257 2059 313 adulatio-

271 366 402 405 nem
440 349 650 405 effusos
695 347 1026 420 alloquitur,
1065 346 1207 403 satis
1244 347 1485 404 decorus
1531 345 1703 410 etiam
1749 346 1946 402 Graeea
1987 347 2064 402 fa-

274 438 498 507 cundia,
531 436 899 508 omniumque
928 452 1054 507 quae
1098 433 1315 491 diceret
1344 437 1511 507 atque
1550 436 1749 507 ageret
1778 438 1904 490 arte
1933 452 2065 507 qua-

273 529 401 583 dam
433 529 827 583 ostentator¹¹.
868 524 1020 579 Nihil
1062 540 1222 595 aeque
1258 523 1607 595 provinciam
1651 524 2066 595 exercitumque

275 614 542 680 accendit,
595 631 768 687 quam
818 611 970 685 quod
1017 612 1382 667 asseverabat
1429 610 1747 681 MucianuS,
1802 611 2068 667 statuisse

273 703 624 759 Vitelliumss'·
652 706 717 757 ut
757 700 1119 758 Germanicas
1164 698 1419 772 legiones
1460 698 1518 754 in
1551 698 1781 754 Suriam
1820 700 1895 755 ad
1920 700 2071 755 mili-

273 793 410 849 tiam
441 791 770 864 opulentam
810 788 1176 862 quietamque
1204 787 1563 851 transferret,
1588 790 1788 845 contra
1822 787 2072 844 Suriacis

270 881 654 954 legionibus¹⁵
687 878 1022 937 Germanica
1067 876 1308 933 hiberna
1338 877 1474 933 caelo
1504 893 1567 932 ac
1597 876 1898 933 laboribus
1937 878 2075 934 dura

271 973 634 1027 mutarentur
646 975 720 1038 ¹⁴3
750 968 957 1041 quippe
985 970 1043 1023 et
1066 965 1442 1039 provinciales
1464 969 1627 1022 sueto
1658 964 1913 1022 militum
1938 984 2076 1023 con-

272 1058 532 1117 tubernio
569 1058 911 1131 gaudebant,
942 1054 1202 1128 plerique
1230 1053 1803 1111 necessitudinibus¹⁵
1844 1058 1903 1111 et
1947 1072 2077 1127 pro-

272 1147 686 1221 pinquitatibus
715 1144 898 1214 mixti,
941 1147 1000 1201 et
1027 1143 1307 1199 militibus
1344 1146 1625 1200 vetustate
1656 1142 2075 1213 stipendiorum

272 1244 403 1292 nota
448 1241 505 1291 et
544 1234 848 1291 familiaria
885 1236 1072 1289 castra
1122 1231 1180 1287 in
1230 1233 1466 1288 modum
1521 1232 1815 1304 penatium
1866 1233 2078 1306 dilige-

268 1328 499 1381 bantur.

341 1410 574 1467 LXXXI.
609 1411 750 1465 Ante
774 1408 903 1465 idus
923 1410 954 1465 J
963 1408 1141 1465 ulias¹
1174 1408 1345 1466 Suria
1364 1409 1551 1466 omnis
1578 1410 1633 1465 in
1660 1411 1864 1467 eodem
1890 1428 2080 1468 sacra·

269 1504 463 1557 mento
493 1498 620 1554 fuit.
668 1499 967 1554 Accessere
1006 1514 1135 1553 cum
1166 1514 1345 1569 regno
1376 1497 1675 1555 Sohaemus
1712 1500 1868 1555 haud
1909 1518 2080 1573 sper-

268 1588 472 1646 nendis
500 1587 772 1657 viribus2‚
813 1586 1128 1643 Antiochus
1162 1586 1403 1643 vetustis
1432 1587 1635 1657 opibus
1658 1587 1865 1660 ingens
1895 1594 1957 1646 et
1989 1592 2081 1646 in-

270 1677 642 1734 servientium
680 1693 923 1749 regnum
963 1674 1304 1731 ditissimus,
1346 1676 1474 1731 Mox
1506 1693 1605 1745 per
1641 1678 1897 1734 occultos
1937 1696 2081 1736 suo-

270 1785 398 1823 rum
425 1766 658 1823 nuntios
688 1765 906 1822 excitus
935 1765 1002 1820 ab
1042 1764 1181 1819 urbe
1211 1764 1481 1836 Agrippa,
1514 1763 1716 1837 ignaro
1762 1767 1953 1823 adhuc
1980 1768 2080 1823 Vi-

268 1854 447 1921 tellio,
512 1852 681 1908 celeri
753 1850 1115 1924 navigatione
1180 1855 1599 1922 properaverat.
1662 1852 1778 1908 Nec
1851 1854 2079 1912 minore

269 1939 459 2007 animo
508 1938 711 2010 regina
762 1937 1034 1993 Berenice
1084 1942 1275 2009 partes
1329 1938 1580 2011 juvabat,
1648 1938 1861 1997 florens
1912 1946 2078 2000 aetate

270 2029 565 2097 formaque
591 2028 649 2081 et
690 2025 810 2081 seni
844 2042 1069 2098 quoque
1098 2027 1447 2097 Vespasiano
1488 2029 1921 2099 magnificentia
1949 2051 2079 2089 mu-

271 2130 477 2169 nerum
506 2116 692 2186 grata.
733 2112 1013 2185 Quicquid
1053 2114 1473 2184 provinciarum
1503 2116 1738 2173 alluitur
1770 2119 1919 2174 mari
1945 2122 2079 2177 Asia

268 2208 438 2276 atque
469 2201 676 2258 Achaia
701 2205 889 2273 tenus,
915 2206 1311 2275 quantumque
1340 2203 1625 2261 introrsus
1651 2205 1711 2261 in
1737 2209 1997 2265 Pontum
2027 2217 2077 2266 et

266 2291 564 2348 Armenios
609 2291 869 2363 patescit,
904 2291 1199 2364 juravere;
1242 2292 1341 2348 sed
1380 2292 1660 2350 inermes³
1694 2296 1871 2368 legati
1900 2316 2077 2372 rege-

269 2383 431 2450 bant,
454 2381 711 2438 nondum
737 2379 979 2437 additis⁴
1000 2380 1367 2451 Cappadociae
1386 2382 1725 2454 legionibus·
1752 2384 2071 2444 Consilium

269 2472 337 2525 de
379 2487 604 2525 summa
647 2486 835 2526 rerum
881 2468 1071 2539 Beryti
1102 2469 1380 2525 habitum.
1416 2469 1557 2526 Illuc
1594 2472 1899 2531 Mucianus
1946 2494 2071 2532 cum

259 2620 408 2661 Judee.
427 2642 482 2650 —
523 2625 587 2660 1ο.
612 2621 695 2661 ubi
720 2620 818 2662 illis
847 2619 1114 2662 consultare
1224 2620 1507 2672 changement
1522 2620 1575 2664 de
1587 2625 2077 2680 tournuresseslegions

261 2693 356 2723 mos
395 2686 476 2733 est,
527 2691 688 2722 comme
729 2682 835 2723 dans
868 2682 930 2724 les
967 2687 1113 2723 autres
1222 2680 1442 2723 devraient
1466 2682 1679 2736 echanger
1693 2684 1733 2727 la
1752 2686 1881 2740 Syrie
1904 2701 2077 2744 pour....

259 2742 381 2783 villos
406 2751 680 2793 grecques.--
707 2748 770 2784 11.
786 2746 888 2785 arte
905 2744 1111 2795 quadam
1219 2765 1274 2773 —
1299 2749 1361 2786 15.
1385 2744 1613 2799 pler-ique,
1632 2757 1797 2789 comme
1820 2750 2076 2799 multime-

260 2806 525 2853 ostentalor,
551 2802 649 2855 plus
679 2803 903 2845 recherche
923 2805 1111 2857 qu’arti-
1220 2806 1540 2863 cessitudines‚
1565 2819 1660 2861 voy.
1692 2810 1822 2851 Rem.
1850 2819 1918 2855 16ὲ

258 2868 341 2917 sea:
372 2866 650 2915 ostentandi,
673 2876 766 2917 voy.
792 2864 922 2905 Rem.
946 2872 1034 2913 1,c.
1054 2890 1110 2898 —
1271 2867 1465 2910 LXXXI.
1500 2878 1536 2913 1.
1576 2871 1689 2912 Idus
1728 2872 1910 2927 suzim,
1954 2875 1995 2915 le
2035 2883 2075 2915 1.·-

261 2933 325 2970 12.
355 2926 576 2967 statuisse
612 2924 857 2978 Vitellium,
885 2925 939 2968 cf.
969 2926 1106 2982 Suet„
1214 2929 1370 2983 Juillet.
1398 2953 1453 2961 —
1476 2938 1517 2975 2.
1544 2944 1790 2987 accessere„
1822 2951 1922 2991 ruf.
1950 2939 2051 2979 Rev.

264 2987 557 3042 1¹'espa8.‚ch.
581 2998 643 3030 v1.
668 2992 798 3031 —13.
827 2987 1104 3043 lcqionibus,
1220 2998 1320 3043 159,-
1367 2994 1498 3035 haud
1551 2999 1834 3048 spernendis
1878 3003 2074 3043 viribus

258 3062 419 3093 comme
455 3049 554 3105 plus
587 3049 663 3091 bas
716 3049 948 3092 militibus
1008 3062 1103 3105 voy.
1215 3065 1377 3097 comme
1392 3056 1598 3109 ch.1.v1n,
1621 3070 1663 3100 n.
1684 3063 1782 3102 3.-—
1802 3067 1838 3103 3.
1858 3063 2051 3103 inerms·-

259 3115 384 3157 Rcm.
439 3117 507 3161 34.
562 3135 616 3151 ·-·—
685 3117 744 3160 14.
790 3115 1100 3167 mutaremur,
1215 3127 1316 3162 sans
1340 3118 1575 3163 armies.--
1592 3123 1632 3164 4.
1653 3123 1870 3164 namium
1898 3127 2071 3167 amns...
