2209 3392
461 122 556 167 uranu
576 120 599 167 1.
939 108 978 167 83

74 240 230 295 audeant'.
252 237 346 294 Utline
364 236 450 293 ltatiae
474 236 602 293 alumni⁸
616 238 645 293 et
658 234 784 293 Romana
796 249 861 291 vere
874 232 979 307 juven-

74 332 123 385 tus
146 328 180 383 ad
202 326 372 400 sanguinem
395 330 424 383 et
449 327 555 383 caedem
579 324 811 398 depoposcerint⁰
837 323 966 379 ordinem

74 414 157 488 cujus
173 415 325 486 splendore
338 418 367 471 et
380 412 473 487 gioria
485 415 585 471 sordes
599 418 628 471 et
639 413 843 471 obscuritatem
855 412 980 470 Vitellia-

73 520 178 562 narum
197 503 320 575 partium
337 502 590 575 praestringimus?
609 502 745 559 Nationes
759 500 871 574 aliquas
893 516 979 557 occu-

74 588 153 659 pavit
174 586 316 657 Vitellius,
340 586 494 661 imaginem
515 589 689 659 quandam¹⁰
712 585 853 643 exercitus
873 585 977 652 habet3

75 680 198 734 senatus·
220 675 368 734 nobiscum
395 680 438 733 est
465 694 472 729 z
496 675 537 733 sic
567 677 598 733 tit
621 680 654 733 ut
682 676 748 732 hinc
779 691 824 732 res
856 673 975 747 publica,

76 766 173 822 inde¹¹
196 766 293 823 hostes
310 764 485 837 reipublice
506 765 698 822 constiterint.
722 764 821 833 Quid?
842 779 893 822 vos
914 764 981 836 pul-

75 852 248 911 cherrimam
269 854 340 909 hanc
365 855 465 910 urbem
490 853 622 910 domibus
643 856 671 909 et
689 852 771 909 tectis
793 855 822 908 et
840 855 978 924 congestu

76 942 205 1015 tapidum
221 946 331 999 starefl
350 942 489 999 creditis?
506 942 585 998 Muta
606 942 661 998 ista
679 944 708 997 et
722 940 848 998 inanima
866 941 979 997 interci-

77 1032 144 1087 dore
156 1047 188 1087 ac
199 1030 326 1103 reparari
338 1030 499 1102 promiscua
510 1035 579 1087 sunt
586 1036 609 1069 ¹³
625 1051 632 1086 ε
649 1029 795 1087 aeternitas
811 1034 967 1086 rerum¹⁴e

78 1136 131 1192 pax
160 1119 291 1192 gentium
316 1122 344 1175 ct
374 1136 438 1176 mea
460 1136 526 1175 cum
550 1123 648 1177 restra
677 1120 756 1175 satus
783 1117 979 1176 incolumitate

78 1210 195 1264 senatus
206 1208 347 1263 firmatur.
358 1207 440 1265 Hunc
451 1207 596 1279 auspicato
605 1213 627 1246 ¹⁸
639 1211 782 1278 aparente
791 1210 820 1264 et
831 1206 979 1264 conditore

77 1296 158 1354 urbis
174 1300 278 1354 nostrae
295 1296 458 1354 institutum
477 1300 506 1354 et
525 1314 542 1354 a
556 1298 672 1369 regibus
687 1314 777 1370 usque
789 1299 825 1354 ad
837 1297 979 1370 principes

77 1386 247 1443 continuum
262 1390 291 1443 et
303 1386 506 1456 immortalem,
519 1385 593 1443 sicut
607 1404 624 1443 a
638 1386 795 1460 majoribus
808 1386 977 1460 accepimus,

77 1476 118 1531 sic
132 1473 255 1546 posteris
268 1475 430 1544 tradamus3
448 1491 513 1531 nam
532 1478 565 1531 ut
584 1491 617 1531 ex
638 1476 749 1533 vobis¹⁰
767 1478 924 1546 senatores,
938 1475 979 1533 ita

77 1581 110 1620 ex
123 1562 303 1620 senatoribus
316 1563 456 1636 principes
469 1567 635 1620 nascuntur.
651 1584 665 1617 u

110 1650 242 1709 LXXXV.
254 1651 386 1710 Etoratio
396 1654 466 1725 apto
473 1653 508 1709 ad
516 1652 750 1726 perstringendos
758 1654 979 1728 mulcendosque

76 1740 201 1797 miiitum
218 1741 328 1799 animos
340 1744 369 1799 et
383 1740 543 1799 severitatis
555 1742 657 1798 modus
668 1743 768 1815 (neque
783 1742 858 1799 enim
872 1742 901 1799 in
913 1743 978 1815 plu·

75 1847 122 1886 res
144 1846 230 1901 quam
246 1829 275 1885 in
295 1831 367 1887 duos
391 1829 577 1886 animadverti
597 1830 730 1903 jusserat)
752 1834 833 1903 grate
853 1834 977 1904 accepta,

75 1918 306 1991 compositique¹
325 1920 361 1976 ad
386 1934 511 1991 praesens
535 1919 584 1993 qui
608 1919 729 1977 coerceri
755 1936 812 1977 non
835 1923 977 1992 poterant.

76 2006 140 2063 Nou
160 2009 255 2063 tamen
278 2007 359 2080 quies
379 2007 443 2064 urbi
467 2007 591 2064 redierat
615 2029 622 2064 ε
647 2008 783 2081 strepitus
807 2010 930 2066 telorum
950 2013 979 2066 et

77 2240 125 2285 roy.
146 2228 210 2272 Rem.
230 2234 275 2281 171,
294 2234 322 2271 1·.
341 2252 368 2262 -
386 2234 407 2272 7.
427 2230 502 2282 Caput

74 2292 182 2347 imperii,
198 2303 235 2347 par
246 2303 288 2334 una
303 2291 373 2334 ttctiou
389 2291 502 2347 potitique,

75 2356 95 2398 te
116 2355 179 2396 senat
202 2353 254 2395 erait
284 2355 339 2396 reste
362 2354 383 2396 ta
405 2354 447 2396 tite
477 2353 502 2395 de

76 2416 185 2471 l'cmpire3
195 2416 279 2459 decora
291 2415 502 2469 ornnicmprouiu-

75 2480 238 2533 ciarum‚vop.
256 2477 320 2519 Rem.
337 2483 386 2529 tt23
405 2478 436 2519 tes
454 2477 502 2532 plus

76 2538 239 2583 considerables
258 2539 339 2580 d'entre
365 2540 396 2581 tes
417 2538 502 2594 provio-

76 2602 138 2644 tiaux
146 2601 252 2643 entraient
264 2613 290 2643 au
300 2602 371 2651 scuat;
388 2613 441 2643 curu
450 2613 501 2643 uro·

75 2662 296 2714 acimc,ct.ch.xr1x‚
310 2674 330 2704 n.
342 2668 362 2705 11
372 2674 377 2712 ;
391 2663 500 2711 audeaut,

75 2737 124 2779 roy.
145 2724 210 2767 uem.
227 2729 260 2769 98.
275 2749 301 2755 -
314 2730 334 2767 8.
352 2724 425 2766 Italiae
452 2726 502 2767 olu-

71 2787 142 2838 mni,
167 2786 199 2829 les
223 2786 342 2841 pre'torieus
378 2800 401 2829 se
432 2799 502 2829 recru-

74 2849 168 2892 taiautt
184 2848 249 2892 Rome
268 2854 289 2892 et
309 2862 334 2891 eu
351 2848 419 2891 italie.
438 2872 466 2880 —
481 2855 501 2892 9.

76 2911 263 2965 depoposcerint,
282 2911 403 2965 00011001.
415 2916 459 2955 100.
476 2934 502 2941 -

78 2978 110 3018 10.
119 2973 248 3027 imopincm
256 2972 383 3024 quandam,
392 2984 431 3014 une
440 2972 503 3013 obau-

75 3036 166 3077 0101.-
186 3040 216 3077 tt.
237 3034 280 3086 sic,
305 3046 352 3087 roy.
370 3035 434 3077 Item.
453 3039 501 3084 1663

76 3098 160 3140 hinc...
172 3096 234 3147 inde,
244 3096 271 3137 ci.
280 3095 312 3137 ch.
327 3107 403 3146 uxvur,
414 3108 436 3137 n.
445 3101 465 3139 1.
477 3118 502 3127 -

558 2238 589 2275 12.
598 2230 730 2273 domibus...
740 2236 810 2279 atoue.
819 2231 921 2273 eonvenir
928 2232 978 2275 d’un

556 2303 646 2346 passage
660 2292 708 2334 bien
719 2304 788 2335 connu
801 2295 829 2335 du
844 2292 941 2336 discours
953 2295 979 2337 de

555 2353 652 2404 Camilla,
662 2354 776 2406 Tite-Lice,
784 2354 812 2405 V,
819 2357 843 2397 st
850 2366 856 2404 3
862 2359 978 2409 conpectu,

556 2427 604 2470 roy.
625 2415 724 2458 110001.
745 2438 772 2447 -
789 2421 820 2459 13.
839 2416 979 2469 promiscua

555 2480 618 2526 aunt,
630 2488 683 2529 pour
698 2478 864 2529 promiscuum
875 2480 915 2528 est,
928 2476 979 2520 c'est

556 2536 688 2587 indiffereut3
699 2549 746 2592 roy.
760 2539 823 2580 Rem.
842 2542 888 2580 130.
902 2560 929 2569 -
945 2544 977 2583 14.

554 2599 672 2640 azumitae
679 2611 768 2650 rerum,
777 2598 898 2654 expression
905 2612 979 2642 consa·

555 2662 602 2702 crc'e
612 2661 683 2714 quand
693 2673 721 2703 on
732 2661 791 2716 parte
803 2662 829 2704 da
839 2661 979 2717 1100010100-

556 2722 621 2765 main.
631 2727 698 2766 -15,
716 2724 846 2777 auspicato,
856 2736 904 2778 roy.
913 2725 977 2767 Rem.

558 2789 698 2834 taso-to.
705 2796 735 2827 ccc
742 2786 814 2839 uobis,
821 2786 977 2838 derosrangs:

556 2845 610 2888 daus
620 2845 639 2888 le
655 2846 746 2901 pretoira
754 2847 861 2890 somnient
869 2847 978 2903 beaucoup

557 2907 581 2949 de
597 2908 673 2961 icones
688 2920 794 2964 gensque
807 2910 854 2953 leur
868 2910 979 2953 naissanca

557 2968 658 3012 destinuit
670 2971 681 3011 a
694 2970 782 3013 devenir
796 2972 913 3015 stuataurs.

582 3030 691 3074 LXXXV.
723 3039 741 3075 1.
768 3036 900 3087 compotita,
913 3036 979 3076 c'ost·

557 3091 626 3137 ‘a-dire
635 3094 718 3146 sedati,
727 3095 826 3148 placati,
836 3096 915 3141 calores
923 3106 979 3148 pour
