2209 3392
1 2376 2 2383 ,
90 2340 170 2385 XLlV.
193 2347 211 2383 l.
236 2340 327 2395 majore
353 2338 435 2380 laetitio
457 2342 490 2381 est

447 171 540 215 menn
560 170 583 213 1.
925 158 963 213 45

62 306 162 347 vocare
195 285 300 360 gaudio
324 286 456 355 coeperat,
483 300 533 340 seu
562 283 721 341 recordatio
753 283 911 358 majestatis
934 284 962 339 in

64 378 160 443 Galba,
179 374 311 431 amicitiae
325 372 353 428 in
367 372 429 428 Tito
442 370 523 428 Vinio
538 372 669 445 quamvis
683 372 822 430 immitem
837 372 963 429 animum

64 466 189 539 imagine
208 462 284 520 tristi
298 461 485 530 contuderat3
507 460 620 518 Pisonis
641 466 673 519 ut
691 461 797 519 inimici
818 466 847 519 et
869 463 963 518 aemuli

1 558 2 565 ’
64 556 140 613 caede
153 551 304 624 laelari'Jus
325 550 424 623 sasque
443 550 575 606 credebat
585 555 605 606 ¹.
628 550 746 607 Praetlxe
766 551 857 607 contis
873 551 964 621 capita

63 645 252 719 gestabantur
269 640 343 698 inter
365 640 449 713 signa
464 640 624 698 cohortium
640 641 721 714 juxta
735 640 859 715 aquilam
874 641 964 713 legio·
1027 693 1029 700 ,

65 735 143 805 nis³'‚
167 731 297 789 certatim
319 729 530 787 ostentantibus
554 733 686 786 cruentes
710 746 812 786 manus
831 730 879 803 qui
894 730 958 786 occi·

66 825 178 887 derant,
193 820 241 895 qui
255 818 451 888 interfuerant,
465 818 513 891 qui
529 834 603 885 rere,
619 817 668 890 qui
682 820 753 875 lalso
769 821 800 874 ut
814 818 963 893 pulchrum

66 917 94 971 et
112 910 297 968 memorabile
317 908 425 965 lacinus
444 907 616 980 jactabant⁵.
632 907 733 964 Plures
748 925 833 981 quam
850 912 963 965 centum

66 1000 167 1074 viginti
192 998 320 1055 libellos⁴
346 996 494 1070 praemium
520 995 753 1067 exposcentium¹⁵
778 997 813 1053 ob
840 997 963 1071 aliquam

66 1088 221 1146 notabilem
236 1086 284 1142 illa
298 1084 343 1142 die
360 1101 476 1156 operam
494 1083 626 1141 Vitellius
645 1088 743 1156 postea
763 1084 880 1155 invenit,
904 1103 963 1143 om-

66 1193 174 1249 nesque
196 1174 324 1247 conquiri
347 1177 375 1229 et
396 1172 514 1228 interfici
533 1171 629 1245 jussit,
651 1189 707 1229 non
730 1174 832 1230 honori
858 1174 959 1243 Galbae,

67 1268 126 1335 sed,
139 1264 244 1320 tradito
264 1260 439 1333 principibus
458 1278 547 1330 more,
560 1260 769 1318 munimentum
782 1264 961 1333 adpraesens,

67 1354 96 1410 in
111 1356 256 1426 posterum
271 1349 408 1406 ultionem
414 1354 436 1405 θ.

101 1438 181 1497 XLV.
209 1438 303 1494 Alium
337 1438 482 1494 credercs¹
509 1440 654 1511 senatum,
679 1439 767 1495 alium
799 1442 962 1513 populum:

68 1545 151 1587 ruere
165 1527 259 1585 cuncti
281 1528 309 1583 in
325 1529 427 1594 castra,
448 1524 556 1583 anteire
576 1527 749 1598 proximos¹,
772 1531 880 1586 certare
899 1547 964 1587 cum

67 1614 316 1691 praecurrentibus,
331 1614 476 1686 increpare
490 1613 618 1685 Galbam,
630 1616 746 1672 laudare
759 1614 881 1673 militum
889 1618 963 1691 judi-

67 1707 171 1775 cium⁵,
194 1702 350 1760 exosculari
375 1701 495 1759 Othonis
521 1720 659 1772 manum3
686 1709 850 1777 quantoque
871 1706 964 1779 magis

67 1796 139 1853 lalsa
151 1795 233 1849 erant
247 1808 311 1864 quee
323 1791 438 1861 fiebant,
452 1792 530 1847 tanto
542 1793 625 1863 plura
639 1792 741 1849 lacere.
755 1793 812 1849 Nec
828 1810 965 1865 asperna-

1 1884 3 1917 ³
64 1887 150 1941 batur
169 1880 300 1953 singulos
316 1880 400 1949 Otho,
416 1878 530 1936 avidum
549 1883 579 1936 et
599 1880 738 1937 minacem
757 1882 881 1938 militum
904 1882 965 1939 ani-

64 1989 145 2031 mum
160 1986 227 2027 voce
248 1970 384 2041 vultuque
407 1973 594 2039 temperans⁴.
617 1968 737 2026 Marium
757 1970 881 2041 Celsum,
896 1988 965 2029 con-

64 2062 158 2119 sulem
185 2057 365 2129 designatum
394 2060 423 2113 et
449 2057 543 2113 Galbae
571 2074 660 2130 usque
691 2059 720 2114 in
754 2063 895 2117 extremas
918 2078 965 2118 res

65 2149 191 2207 amicum
216 2146 370 2218 fidumque,
398 2145 438 2203 od
464 2146 632 2218 supplicium
658 2150 885 2220 expostulabant,
921 2150 963 2206 in·

543 2339 744 2384 munimentum...
764 2340 886 2392 ultionmn,
901 2353 965 2395 appo-

63 2402 164 2459 cxplique
183 2412 222 2456 per
240 2400 336 2443 leuata...
347 2412 421 2449 mena,
439 2404 489 2452 etc,
543 2400 631 2443 sitione
640 2402 741 2454 interfici
749 2402 892 2457 jueeiuvoy.
902 2404 963 2446 Rem.

1 2484 3 2501 i
63 2464 242 2508 ineolicbtla'bue
261 2463 344 2514 oculis,
363 2474 401 2516 par
421 2462 490 2504 Pico-

64 2528 140 2570 νηὶ...
163 2525 275 2567 credebat.
300 2548 327 2555 -
349 2531 369 2567 2.
392 2524 489 2578 lcqr'onia

65 2586 197 2643 (cloacinae),
217 2585 237 2629 la
255 2585 314 2629 seule
334 2585 371 2640 qui
392 2586 424 2627 lul
441 2588 489 2640 pre'-

65 2656 126 2693 eente
138 2650 149 2691 'a
159 2650 234 2691 Rome.
249 2672 277 2679 -
286 2652 304 2691 3.
316 2648 377 2699 soleo
387 2650 488 2701 (worm)

64 2718 91 2754 ut
108 2710 238 2765 pulchrum
261 2714 282 2753 et
304 2722 372 2751 mem.
393 2710 489 2760 focinus

63 2774 193 2830 jactabunt.
206 2784 254 2825 roy.
267 2771 302 2814 cb.
314 2783 363 2821 inu,
379 2783 399 2813 n.
412 2777 443 2813 12.
462 2795 488 2803 -

65 2839 85 2879 l.
106 2834 204 2885 libellos,
225 2834 315 2888 placete,
338 2833 440 2887 requires.
463 2856 490 2865 -

66 2904 86 2943 5.
98 2896 229 2951 premium
251 2895 306 2946 (eibi
329 2894 433 2947 quiaque)
452 2906 490 2937 ec·-

63 2957 220 3013 poaccntium.
245 2980 272 2989 -
294 2962 314 3001 o.
328 2968 379 2999 non
403 2957 490 2999 bonore·

66 3020 156 3070 Galba,
177 3030 226 3072 roy.
247 3018 313 3061 Rem.
340 3024 379 3068 863
402 3019 489 3060 trudito

63 3080 217 3133 principibus
228 3091 295 3122 more
304 3078 391 3123 suivant
406 3080 425 3122 la
436 3078 490 3133 poli-

66 3143 127 3197 ‘aquo
138 3140 298 3185 traditicanelle
309 3142 347 3185 dee
355 3152 486 3195 cmpereurs;

545 2468 595 2513 l³o;
619 2462 741 2516 abionem,
760 2463 788 2505 cl.
805 2462 840 2505 cb.
860 2475 897 2516 xa,
920 2465 964 2517 lin,

543 2526 598 2567 ad...
613 2526 648 2576 in,
663 2537 712 2579 roy.
732 2527 795 2568 Rem.
811 2531 858 2578 ooo,
869 2531 898 2568 7·.

569 2586 637 2629 XLV.
653 2592 671 2629 l.
688 2586 771 2638 olium,
792 2587 813 2629 la
824 2588 909 2630 fortune
924 2590 965 2631 n’a-

543 2648 637 2691 valtelle
648 2660 686 2703 pas
695 2650 813 2692 condemno
828 2650 895 2694 Galba
904 2656 925 2694 et
932 2664 966 2695 ses

542 2709 650 2763 partisane
657 2710 670 2752 l
678 2712 791 2762 crederer,
802 2723 852 2767 roy.
861 2714 922 2756 Rem.
931 2720 964 2758 99.

541 2793 569 2802 -
576 2777 597 2813 2.
607 2772 697 2814 antero
703 2775 837 2825 proccimoc.
845 2786 893 2827 roy.
902 2776 964 2817 Rem.

544 2838 576 2877 18.
584 2855 611 2864 -
617 2838 638 2875 3.
642 2834 772 2887 judicium,
780 2834 843 2877 cboix
849 2834 964 2890 judicieur.

542 2898 594 2937 -la
600 2896 698 2937 acidum
706 2901 739 2938 eol
746 2897 843 2951 expliquc
850 2909 888 2951 per
897 2899 965 2941 caedis

542 2956 819 3009 ctpraedomcminilium,
829 2961 881 3009 elc.;
889 2958 966 3000 mino·

543 3028 600 3068 cem,
622 3028 660 3071 par
678 3018 784 3061 Marium
802 3020 903 3072 coicum,
923 3024 965 3061 etc.

543 3101 570 3110 -
592 3084 738 3133 amporam,
763 3094 777 3121 ι
792 3081 933 3123 eberchant»
953 3080 966 3119 a

543 3139 636 3191 calmer,
652 3140 720 3194 partic
745 3141 866 3195 impetierit,
886 3150 967 3185 comam
