2209 3392
26 2406 29 2411 '
53 2444 56 2447 .
113 2405 219 2453 indutae,
226 2414 273 2457 roy.
282 2400 320 2454 lig.
329 2406 339 2444 7
348 2401 427 2452 decor
435 2400 537 2454 afuit).-

304 168 451 213 CORNELII
472 168 573 213 Taclrl
596 167 811 212 nlsronmuuu

10 268 76 369 ,3433-
110 284 194 354 ratio,
210 280 325 340 lavere:
341 283 417 341 versi
437 283 467 339 in
488 282 627 354 laetitiam,
644 285 678 339 ut
693 286 737 339 est
753 282 857 355 vulgus
870 285 1011 355 utroque?

111 373 304 443 immodicum,
328 374 533 446 laudantesque
567 375 772 445 gratantesque
802 371 1011 428 circumdatum

3 462 4 477 ¹
98 452 214 537 'aquilis
230 462 394 535 signisque⁸
413 462 442 517 in
466 460 593 518 tribunal
616 463 722 517 lerunt.
742 460 792 516 llle
819 460 883 516 utili
909 461 1012 517 mode-

98 552 221 609 ¹ratione
240 569 296 608 non
316 550 485 624 supplicium
502 550 671 624 cujusquam
686 548 826 621 poposcit,
838 566 880 618 ac,
896 565 933 605 ne
953 548 1013 605 dis-

8 628 67 717 J‚‘'>ss7'
110 641 249 697 ¹simulans
271 640 430 713 suspectior
457 640 541 710 foret,
573 655 678 711 paucos
712 638 862 705 incusavit,
901 654 1013 711 gnarus

110 728 240 786 civilibus
263 729 345 786 bellis
360 730 425 801 plus
440 728 579 784 militibus
592 745 678 801 quam
693 725 812 783 ducibus
826 727 921 783 licere.

7 804 80 891 [³¹
145 819 227 875 XXX.
252 816 447 873 Munientibus
466 819 561 871 castra
575 817 665 887 apud¹
685 813 814 869 Ticinum
836 813 871 869 de
892 814 1015 870 adversa

81 930 95 953 τ
111 907 228 965 Gaecinae
246 923 343 980 pugna
360 906 489 974 allatum,
504 908 533 960 et
556 920 643 975 prope
664 906 800 959 renovata
815 902 926 971 seditio,
944 906 1014 959 tan-

36 994 41 1043 ἶ
63 1040 81 1059 ,
111 1003 216 1079 quam¹
231 995 331 1052 fraude
351 999 381 1051 et
394 992 623 1051 cunctationibus
641 990 768 1047 Valentis
792 990 891 1061 proelic
905 990 1016 1046 deluis-

111 1088 176 1141 sent
201 1101 207 1137 :
230 1082 305 1139 nolle
328 1080 467 1155 requiem,
487 1096 545 1136 non
565 1081 728 1150 exspectare
748 1077 860 1146 ducem,
883 1077 1014 1134 anteire³

2 1176 71 1243 ,ff
95 1173 203 1247 signa,
226 1188 328 1245 urgere
354 1169 517 1243 signiferos.
541 1168 650 1239 Rapido
671 1165 785 1239 agmine
810 1165 928 1222 Caecinae
945 1166 1015 1239 jun-

111 1264 230 1332 guntur.
264 1257 445 1329 Improspera
476 1257 603 1312 Valentis
627 1256 720 1310 fama*
751 1255 827 1325 apud
853 1253 1013 1310 exercitum

2 1370 32 1423 r„
69 1358 70 1361 ’
111 1348 229 1404 ¹Caecinae
242 1351 303 1403 erat
318 1368 325 1402 ε
342 1345 485 1418 expositos
499 1361 529 1402 se
539 1348 619 1401 tanto
632 1344 798 1415 pauciores⁸
809 1342 932 1417 integris
946 1344 1014 1399 hos·

86 1508 87 1511 Ἴ
112 1436 184 1492 tium
199 1435 309 1493 viribus
323 1434 526 1507 querebantur,
541 1433 628 1489 simul
651 1431 680 1487 in
694 1447 776 1487 suam
790 1430 1013 1504 excusationem,

2 1518 3 1525 '
54 1514 75 1523 '¹
112 1527 141 1581 et
163 1524 377 1580 adventantium
399 1525 487 1578 robur
508 1538 559 1593 per
571 1519 765 1577 adulationem
781 1520 963 1576 attollentes⁶
977 1536 1015 1575 ne

1 1604 29 1677 J,
46 1658 69 1687 „
112 1617 145 1670 ut
165 1611 232 1669 victi
256 1616 285 1668 ct
305 1610 399 1685 ignari
419 1612 680 1682 despectarcnturl.
701 1608 737 1664 Et
759 1624 923 1680 quanquam
947 1610 1015 1680 plus

61 1690 70 1759 ᾗ
111 1702 228 1772 virium,
250 1718 338 1775 prope
360 1699 520 1773 duplicatus
543 1700 690 1771 legionum
711 1696 941 1771 auxiliorumque
955 1715 1016 1754 nu-

1 1812 3 1847 :
29 1850 31 1855 ,
111 1797 228 1849 merus⁸
240 1795 302 1848 crat
324 1790 446 1856 Valenti,
466 1788 562 1846 studia
577 1791 673 1847 tamen
686 1786 812 1842 militum
826 1787 854 1842 in
871 1787 1014 1844 Caecinam

1 1874 2 1959 J
113 1880 298 1948 inclinabant,
318 1884 421 1951 super⁹
442 1877 648 1949 benignitatem
667 1874 755 1931 animi
779 1892 835 1947 qua
853 1876 1015 1946 promptior
1103 1863 1104 1934 ἦ

113 1969 282 2035 habebatur,
299 1968 386 2024 ctiam
407 1967 506 2040 vigore
526 1965 629 2035 aetatis,
652 1963 822 2036 proceritate
840 1964 969 2035 corporis
985 1969 1016 2021 et
1103 1953 1104 2014 l

113 2058 237 2129 quodam
252 2055 330 2111 inani
346 2056 481 2111 lavore¹⁰.
499 2054 572 2109 Hinc
586 2051 730 2109 aemulatio
745 2051 886 2107 ducibus:
901 2051 1016 2109 Caecina
1103 2047 1104 2114 Ϊ

1 2136 6 2149 '
44 2168 47 2173 ·
72 2190 73 2195 1
113 2149 146 2201 ut
160 2145 265 2200 foedum
285 2159 317 2200 ac
337 2144 525 2212 maculosum,
541 2141 590 2198 ille
609 2144 641 2195 ut
661 2139 802 2196 tumidum
823 2156 856 2195 ac
874 2145 1013 2195 ranum¹¹

59 2338 60 2341 ’
116 2338 341 2391 lem-adesum&
355 2338 537 2381 :remittaecte
590 2335 660 2377 rieurs
678 2346 705 2377 en
723 2334 812 2377 nombre
827 2346 868 2377 aux
882 2338 971 2389 troupes
988 2337 1016 2381 de

591 2397 679 2440 Valens.
693 2420 720 2427 -
729 2402 750 2440 e.
764 2397 792 2438 e'ee
801 2408 872 2439 eccm
880 2400 1017 2441 amalic-
1060 2428 1064 2432 -

1 2482 2 2485 ¹
21 2492 24 2497 ,
115 2471 135 2509 7.
152 2470 262 2517 utreque,
277 2463 331 2506 dans
350 2463 381 2506 les
407 2464 460 2507 deur
479 2472 536 2512 ecus,

26 2558 29 2561 -
114 2525 288 2569 l'entlrousiaeme
304 2529 325 2567 et
343 2524 364 2567 le
377 2525 456 2567 lureur.
473 2546 501 2555 -
516 2528 535 2565 8.

114 2588 211 2641 equitis,
224 2587 256 2629 les
272 2586 340 2639 eigles
349 2586 387 2629 des
397 2584 481 2640 legions
491 2583 537 2627 cin-

12 2644 13 2647 ’
80 2670 81 2673 ¹
115 2650 199 2704 quiemc
217 2649 312 2691 Alauda
330 2654 351 2691 et
367 2648 469 2702 premiere
488 2646 537 2691 ltc-

37 2716 38 2719 ’
60 2746 67 2755 ,.
116 2712 174 2762 lica3
187 2710 271 2765 etquis,
283 2710 314 2751 les
324 2709 439 2752 etendards
453 2708 537 2751 desco-

32 2800 34 2803 -
72 2822 74 2825 ,
116 2772 189 2815 hortea
200 2776 221 2813 et
234 2771 271 2812 des
284 2769 410 2823 manipules.

142 2833 210 2877 XXX.
226 2837 244 2874 l.
263 2833 335 2885 apud,
352 2843 400 2885 roy.
420 2832 486 2874 Rern.
504 2836 536 2875 59.

115 2899 293 2947 -amaqaam,
304 2894 332 2935 cl.
343 2893 376 2935 ch.
388 2904 447 2943 xxvi,
458 2896 538 2936 nl.-

42 2978 46 2991 ι
117 2962 136 2999 a.
146 2956 244 3006 anteire,
254 2956 280 2998 ci.
289 2955 322 2998 ch.
333 2968 355 3005 v,
367 2967 388 2996 n.
404 2962 449 2996 l.-
460 2958 480 2996 l.
493 2954 538 2995 lm-

47 3030 54 3037 ”
114 3022 230 3071 Prospera
244 3018 268 3061 V.
283 3018 358 3073 same,
372 3016 453 3059 Valens
465 3016 538 3058 n'etait

45 3098 47 3100 ·
64 3082 66 3091 ’
115 3090 155 3133 pas
168 3080 291 3133 populaire;
310 3092 358 3135 req.
373 3080 436 3121 Rem.
450 3084 469 3131 l,
481 3079 501 3120 b.
512 3100 538 3108 —

125 3138 134 3155 ’·
150 3146 214 3185 laceto
234 3144 367 3199 pauciores,
387 3152 425 3184 eux
444 3140 462 3183 si
481 3140 537 3182 inle'·

590 2470 645 2501 eeem
657 2462 703 2503 et...
722 2458 858 2509 attollentes,
877 2469 925 2513 roy.
946 2460 1007 2501 Rem

590 2526 637 2572 aot,
650 2527 694 2571 10⁸3
713 2532 741 2563 on
760 2520 876 2564 attendreit
896 2531 922 2563 ee
945 2533 1015 2564 mcu-

590 2587 667 2625 ecetee
681 2581 716 2635 (=
728 2586 754 2623 ee
767 2593 791 2624 ee
806 2584 957 2638 occurerent)
968 2591 1015 2627 el...

591 2644 717 2686 attollentes
726 2642 761 2698 (=
769 2649 821 2686 ut...
832 2644 979 2699 euaderent).
990 2670 1017 2677 -

591 2712 611 2749 l.
622 2707 819 2759 despectarenter,
829 2718 878 2760 vor.
886 2706 951 2749 Rern.
962 2717 982 2760 l,
995 2720 1016 2759 c,

591 2772 613 2810 et
628 2774 674 2812 lae.
684 2791 711 2799 -
722 2773 742 2811 e.
755 2768 916 2821 duplicatae...
930 2781 1018 2812 nume-

591 2842 642 2872 ree.
653 2830 735 2872 Valens
748 2829 806 2872 avait
817 2830 887 2884 grossi
896 2842 936 2873 eon
946 2833 1016 2874 ermee

592 2892 617 2933 de
632 2892 652 2934 la
673 2891 744 2945 legion
761 2890 865 2945 premiere
885 2892 975 2944 Italica,
990 2894 1017 2937 de

592 2954 647 2996 l’ctc
655 2954 850 2996 Taurieeeeedes
859 2954 908 2997 lauit
917 2955 1017 2999 cotiones

592 3016 686 3058 balares.
701 3038 728 3047 -—
736 3022 757 3059 a.
768 3028 840 3070 seper
849 3033 875 3053 =
887 3024 980 3071 praeter.
991 3043 1018 3051 -

594 3084 625 3119 lo.
643 3079 714 3120 inani
725 3079 815 3130 faeere,
834 3090 876 3120 oue
895 3080 1018 3134 preference

592 3152 642 3182 sans
658 3140 741 3192 raiscn;
756 3152 804 3197 roy.
817 3142 881 3183 Rern.
897 3145 969 3186 aa-
980 3150 1015 3189 ll.
1102 3186 1104 3195 ,

1102 3233 1104 3368 l
