2209 3392
944 184 1125 228 LUOER
1173 184 1213 228 1.
1897 175 1964 229 27

168 299 524 366 intendebat,
558 299 698 356 adeo
726 297 1016 355 animosus
1041 300 1362 370 corruptor,
1388 301 1455 356 ut
1482 296 1714 356 Cocceio
1742 299 1966 358 Proculo

168 387 519 460 speculatori
533 391 576 454 ⁶,
611 389 680 444 de
700 391 858 460 parte
888 388 1088 444 finium
1119 404 1248 444 cum
1276 387 1461 445 vicino
1489 388 1821 462 ambigenti,
1846 390 1967 444 uni-

166 491 404 532 versum
431 473 599 532 vicini
638 492 840 549 agrum
869 492 973 532 sua
1000 475 1239 548 pecunia
1265 479 1521 548 emptum
1553 477 1701 532 dono
1732 476 1968 546 dederit,

168 584 272 640 per
307 566 627 622 socordiam
665 566 974 639 praeroctiv,
1002 583 1175 639 quem
1210 569 1347 622 nota
1380 567 1596 639 pariter
1635 571 1725 624 et⁸
1759 568 1969 623 occulta

173 656 466 712 fallebant.

241 743 410 799 XXV.
444 743 558 800 Sed
603 745 764 800 tum¹
792 761 825 801 e
861 743 1083 801 libertis
1132 744 1509 802 Onomastum
1557 745 1750 800 futuro
1780 743 1971 801 sceleri

177 831 447 904 praei'ecit,
479 849 513 888 a
539 848 654 906 quo
683 833 953 890 Barbium
990 833 1296 890 Proculum
1319 833 1691 890 tesserarium
1718 835 1967 906 specula-

173 923 369 977 torum
429 923 489 976 et
528 919 826 977 Veturium
886 920 1177 994 optionem
1232 923 1546 979 eorundem
1612 923 1917 994 perductos
1933 927 1971 990 ἢ,

177 1009 482 1081 postquam
529 1008 684 1065 vario
727 1025 990 1066 sermone
1027 1010 1263 1066 callidos
1301 1010 1654 1082 audacesque
1689 1008 1972 1082 cognovit,

174 1096 359 1169 pretio
386 1100 445 1154 et
466 1097 770 1170 promissis
806 1102 1024 1171 onerat,
1053 1100 1186 1155 data
1208 1098 1445 1171 pecunia
1474 1099 1544 1155 ad
1576 1097 1972 1170 pertentandos

178 1186 430 1257 plurium
476 1185 718 1244 animos.
752 1187 1064 1260 Suscepere
1096 1189 1211 1244 duo
1249 1186 1633 1260 manipulares
1674 1186 1972 1259 imperium

179 1274 372 1348 populi
397 1275 635 1332 Romani
663 1275 1143 1346 transferendum,
1173 1281 1231 1332 et
1253 1277 1721 1333 transtulerunt⁸.
1750 1274 1814 1331 In
1838 1291 1972 1331 con-

178 1363 476 1421 scientiam
506 1363 775 1421 facinoris
810 1364 972 1437 pauci
1012 1364 1212 1422 adsciti
1255 1386 1268 1420 :
1312 1381 1622 1437 suspensos
1659 1367 1973 1421 ceterorum

177 1452 402 1510 animos
430 1452 671 1509 diversis
695 1452 915 1509 artibus
935 1452 1254 1522 stimulant,
1277 1453 1557 1525 primores
1577 1452 1860 1509 militum⁴
1878 1468 1973 1524 per

177 1541 450 1599 beneficia
476 1540 816 1615 Nymphidi⁸
846 1546 910 1599 ut
933 1546 1251 1614 suspect03‚
1288 1543 1497 1615 vulgus
1513 1535 1588 1599 'et
1612 1546 1867 1599 ceteros⁶
1894 1541 1975 1598 ira

175 1635 234 1687 ct
275 1630 672 1702 desperatione
717 1629 879 1687 dilati
920 1631 1131 1687 totiens
1173 1630 1445 1687 donativi.
1478 1630 1655 1687 Erant
1682 1647 1827 1704 quos
1854 1646 2006 1686 me·-⁴

179 1718 364 1775 moria
393 1719 638 1776 Neronis
663 1735 727 1776 ac
746 1719 1093 1776 desiderium
1112 1718 1323 1791 prioris
1344 1719 1583 1776 licentiae
1608 1719 1936 1775 accenderet
1963 1737 1977 1773 τ

180 1806 237 1861 in
265 1822 569 1863 commune
596 1823 794 1863 omnes
833 1810 990 1862 metu
1017 1807 1301 1862 mutandae
1327 1805 1576 1861 militiae⁷
1598 1806 1975 1862 terrebantur.

248 1893 440 1950 XXVI.
464 1893 663 1951 Infecit
685 1912 751 1951 ea
777 1895 937 1951 tabes
963 1894 1254 1966 legionum
1271 1900 1289 1932 ¹
1313 1910 1538 1967 quoque
1567 1897 1625 1950 et
1642 1893 1976 1950 auxiliorum

174 1986 367 2040 motas
390 1983 508 2056 jam
537 1987 774 2050 menteS,
799 1984 1140 2057 postquam²
1162 1985 1458 2057 vulgatum
1486 1988 1608 2040 erat
1630 1984 1820 2041 labare
1846 1984 1978 2040 Ger-

175 2071 387 2128 manici
452 2071 731 2129 exercitus
789 2071 979 2128 fidem.
1030 2072 1296 2145 Adeoque
1343 2075 1540 2144 parata
1594 2072 1744 2144 apud
1802 2072 1979 2127 malos

177 2301 276 2344 voy.
300 2287 430 2329 Rem.
445 2293 514 2338 60,
535 2297 581 2329 a.
601 2308 656 2317 —
672 2291 712 2330 6.
725 2285 1024 2339 speculatori,

177 2363 276 2404 voy.
291 2349 410 2392 Dict.
433 2348 541 2390 hist.
563 2370 617 2378 —
639 2353 677 2390 7.
695 2358 798 2400 per,
815 2359 892 2401 par
915 2347 1028 2390 suite

178 2412 301 2461 de...;
324 2409 550 2464 praefocti,
576 2408 734 2450 Lacon.
757 2431 810 2440 —-
835 2415 872 2453 8.
895 2409 1030 2462 pari-

178 2479 252 2516 ter
270 2479 327 2523 ct,
351 2484 449 2526 voy.
474 2471 602 2514 Rem.
628 2477 719 2514 181.

230 2534 376 2578 XXV.
402 2540 439 2577 1.
481 2539 598 2585 tum,
633 2533 673 2576 le
698 2532 945 2575 lendemain
978 2532 1029 2576 de

178 2594 418 2652 l’adoption
434 2595 487 2638 de
510 2594 660 2647 Pison,
688 2594 1025 2649 probablement.

177 2682 231 2690 —
250 2667 292 2701 2.
319 2657 639 2708 tesserarium,
660 2656 910 2710 optionem,
929 2668 1030 2711 voy.

178 2721 298 2762 Dict.
323 2718 460 2768 hiem
481 2717 738 2760 eorundem
757 2716 1030 2769 (speculato-

180 2781 326 2834 νωπὸς
359 2779 629 2833 perductos,
651 2790 727 2836 par
753 2779 985 2820 Onomaste
1005 2778 1029 2819 a

179 2843 340 2886 Othon.
379 2863 433 2872 —-
471 2847 510 2885 3.
545 2840 900 2893 manipulam-es,
931 2850 1027 2893 voy.

179 2902 298 2944 Dict.
311 2902 438 2953 hist.;
452 2907 492 2944 et
502 2902 862 2952 transtulerunt,
876 2901 1030 2955 phrase

180 2964 259 3018 qui
278 2965 452 3006 resume
472 2965 823 3007 admirablement
850 2965 913 3006 les
936 2975 1032 3005 sen-

183 3027 361 3068 timents
389 3026 463 3068 des
486 3025 600 3069 vrais
623 3027 827 3069 Romains
853 3038 903 3068 en
930 3026 1032 3081 pre-

182 3099 309 3129 sence
339 3087 438 3129 d'un
480 3087 559 3130 fait
591 3089 708 3130 aussi
741 3090 876 3130 inou'i.
902 3110 956 3118 —-
987 3091 1028 3129 4.

183 3150 419 3203 primores
443 3151 668 3203 militum,
689 3151 848 3192 c.-a-d.
865 3149 1031 3191 soldats

1137 2287 1189 2330 de
1205 2287 1411 2342 premiere
1429 2286 1580 2338 classe,
1598 2284 1671 2342 qui
1691 2283 1862 2328 avaient
1890 2295 1979 2326 cer-

1136 2347 1250 2390 tains
1266 2347 1524 2402 privileges3
1546 2358 1643 2399 voy.
1666 2346 1782 2387 Dict.
1805 2345 1915 2386 hist.
1930 2366 1980 2374 -—

1139 2415 1176 2452 5.
1187 2421 1273 2462 per
1283 2409 1502 2462 beneficia
1514 2409 1573 2450 N.
1586 2440 1597 2458 ‚
1611 2407 1666 2448 ils
1683 2407 1879 2449 devaient
1892 2407 1981 2448 leur

1137 2470 1348 2513 situation
1372 2471 1397 2512 a
1421 2467 1725 2523 Nymphidius.
1746 2491 1801 2498 -
1819 2473 1858 2510 6.
1885 2469 1981 2510 vul-

1136 2544 1222 2586 qus
1258 2533 1304 2574 et
1341 2536 1528 2582 ceteros,
1563 2535 1606 2572 ct
1641 2534 1706 2572 est
1747 2528 1980 2583 explicatis,

1139 2606 1233 2649 voy.
1260 2593 1385 2635 Rem.
1417 2597 1506 2645 173,
1537 2599 1595 2635 2·.
1632 2615 1685 2623 -
1711 2598 1749 2635 7.
1776 2592 1832 2633 in
1856 2603 1983 2634 com-

1136 2667 1281 2698 mune
1304 2672 1354 2693 =
1378 2654 1706 2707 communiter,
1732 2665 1827 2708 voy.
1854 2654 1982 2698 Rem.

1142 2721 1243 2768 1473
1268 2720 1396 2759 metu
1426 2717 1664 2759 mutanda!
1685 2716 1884 2766 militiae,
1913 2727 1983 2757 car

1141 2778 1195 2821 ils
1230 2779 1424 2822 auraient
1465 2779 1601 2832 perdu
1647 2777 1708 2820 les
1750 2782 1985 2828 avantages

1140 2841 1190 2883 de
1213 2841 1254 2883 la
1273 2841 1479 2884 situation
1505 2839 1754 2895 privilegiee
1780 2839 1878 2881 faite
1904 2851 1983 2880 aux

1141 2902 1395 2957 preteriens.

1192 2965 1347 3007 XXVI.
1377 2971 1413 3006 1.
1437 2963 1692 3017 ίερίοηανη
1709 2962 1887 3015 designo
1922 2960 1983 3002 les

1139 3027 1301 3069 soldats
1319 3026 1371 3069 de
1389 3024 1429 3066 la
1454 3025 1571 3080 lcqio
1592 3026 1795 3068 classica
1814 3029 1855 3065 et
1878 3033 1983 3064 ceux

1141 3089 1215 3129 ‹ics
1242 3088 1559 3130 detachements
1594 3087 1645 3129 de
1670 3084 1899 3130 Germanie
1940 3086 1981 3121 et

1141 3149 1452 3203 &myria—2.
1484 3153 1686 3191 motas...
1717 3152 1983 3201 postquam,
