2209 3392
492 159 587 204 maen
607 161 629 205 1.
976 149 1009 204 13

109 275 208 332 odium
240 275 406 330 contactr¹⁴
433 273 623 330 valentiorum
651 276 819 348 agebantur.
853 272 1010 330 lnermes¹⁸

108 361 264 435 provinciae
280 365 364 434 atquo
386 361 449 433 ipsa
466 359 495 416 in
514 361 615 434 primis
629 362 720 433 ltalia,
740 349 937 434 cuicumque¹⁶
951 378 1009 419 ser-

107 451 177 508 vitio
192 449 332 522 exposita,
346 450 374 506 in
388 450 511 522 pretium
522 450 590 506 belli
606 468 729 509 cessura
743 455 833 508 erant.

143 538 198 595 llic
210 537 265 595 luit
278 553 375 594 rerum
391 537 586 594 Romanarum
599 543 701 610 status,
714 557 780 596 cum
792 537 910 595 Servius
924 539 1008 595 Galba

108 628 215 684 iterum
227 627 308 683 Titus
319 624 421 682 Vinius
432 627 565 683 consules
579 626 746 685 inchoavere
761 643 868 684 aunum
879 625 932 682 sibi
946 626 1010 683 ulti·

108 733 200 784 mum,
216 713 391 786 reipublicae
406 731 494 786 prope
509 716 715 787 supremumfl.

143 802 205 858 Xll.
227 801 329 859 Paucis
349 805 412 874 post
431 801 575 858 Kalendas
596 802 748 861 lanuarias
767 803 867 861 diebus
894 803 1010 875 Pompei

108 891 265 965 Propinqui
286 891 480 962 procuratoris
505 895 536 946 ι’
568 890 682 966 Belgica
700 893 803 950 littera
828 893 1008 949 afferuntur:

108 979 268 1051 superioris
294 978 452 1035 Germaniae
476 978 604 1052 legiones
627 983 713 1053 rupta
738 982 910 1038 sacramenti
935 998 1010 1038 reve·
1101 996 1102 999 ’

109 1067 204 1124 rentia
219 1067 421 1140 imperatorem
435 1066 523 1123 alium
538 1066 669 1140 flagitare
686 1072 715 1125 et
730 1067 842 1125 senatui
856 1085 888 1124 ac
906 1071 1010 1140 populo

109 1157 240 1213 Romano
268 1154 420 1212 arbitrium
449 1155 573 1228 eligendi
609 1156 784 1230 permittere,
817 1174 874 1229 quo
909 1157 1010 1214 seditio

109 1245 244 1301 mollius²
263 1244 449 1316 acciperetur.
465 1243 620 1302 Maturarit
634 1262 668 1301 ea
681 1262 728 1302 res
742 1245 892 1302 consilium
905 1246 1008 1313 Galbae,

107 1331 167 1406 jem
188 1331 299 1404 pridem
319 1333 354 1388 de
375 1330 526 1403 adoptione
547 1347 644 1389 secum
664 1336 693 1390 et
713 1350 778 1389 cum
796 1334 932 1406 proximis
947 1334 1009 1407 agi-

110 1420 198 1476 tantis
208 1423 229 1477 ⁸.
246 1419 309 1477 Non
323 1437 391 1477 sene
404 1418 530 1476 crebrior
543 1422 605 1477 tota
619 1421 732 1479 civitate
744 1428 862 1480 sermo⁴
882 1440 933 1494 per
946 1422 1009 1480 illos

108 1525 224 1566 menses
243 1509 346 1578 luerat,
371 1508 498 1580 primum
525 1507 639 1564 licentia
665 1526 697 1566 ac
716 1510 850 1567 libidine⁸
875 1512 943 1567 talia
965 1513 1009 1569 lo-

108 1597 227 1671 quendi,
247 1597 313 1654 dein
335 1599 412 1654 lesse
423 1595 483 1670 jam
502 1600 585 1654 aetate
599 1598 719 1656 Galbaei.
741 1599 843 1656 Paucis
857 1599 1007 1672 judicium'·

109 1690 161 1744 aut
180 1686 221 1742 rei
245 1687 365 1758 publica
387 1702 468 1743 amor
488 1702 495 1738 :
516 1686 600 1742 multi
623 1687 712 1743 stulta
735 1703 785 1760 spe
794 1693 816 1757 ⁸,
842 1693 928 1759 prout
947 1688 1010 1760 quis

109 1776 220 1834 amicus
234 1775 279 1832 vel
292 1776 389 1848 cliens,
409 1776 485 1831 hunc
496 1775 541 1831 vel
555 1773 635 1830 illum
656 1775 835 1832 ambitiosis⁹
847 1778 1010 1833 rumoribus

109 1863 292 1920 destinabant
302 1868 335 1934 ¹⁰,
355 1863 453 1930 etiam,
469 1861 498 1918 in
516 1861 572 1916 Titi
587 1859 652 1918 Vini
666 1862 764 1918 odium
775 1868 807 1933 ¹¹,
831 1864 879 1936 qui
900 1863 930 1918 in
951 1865 1010 1921 dies

108 1956 218 2025 quanto
244 1951 395 2023 potentior,
418 1951 518 2006 eodem
537 1952 602 2005 actu
628 1949 747 2007 invisior
758 1955 781 1989 ¹²
804 1955 875 2008 erat.
902 1952 1010 2024 Quippe

108 2039 222 2096 hiantes
248 2040 277 2096 in
304 2055 408 2112 magna
434 2039 549 2095 lortuna
570 2037 726 2096 amicorum
753 2039 922 2113 cupiditates
951 2041 1010 2112 ipsa
1101 2101 1103 2106 ,

109 2209 174 2252 Ran-
185 2209 219 2250 bt.
231 2229 258 2239 -
273 2211 306 2249 14.
317 2209 433 2256 contactu,
449 2205 468 2248 le
481 2203 537 2248 coni-
587 2206 625 2258 tic,
639 2207 682 2250 tris
700 2207 801 2262 lre'quent
818 2207 872 2250 dans
890 2207 970 2250 Tacite.
985 2230 1009 2238 -

109 2273 208 2314 moreest
218 2268 411 2323 lexempla-rs.
424 2268 535 2318 inemec,
587 2270 607 2310 4.
624 2280 709 2321 somno,
729 2269 786 2323 suist
805 2269 831 2312 dc
852 2269 1009 2311 conversation.

109 2343 161 2375 sans
180 2337 276 2385 troupes.
295 2353 322 2361 -
340 2335 372 2374 to.
389 2329 535 2382 cuicumque,
586 2353 613 2361 -
623 2331 748 2376 allocucio
758 2342 786 2373 cc
796 2330 902 2382 libidine,
917 2343 943 2372 on
954 2329 1010 2372 erait
1101 2360 1103 2368 .

109 2405 159 2448 vop.
172 2393 332 2436 Rem.155.-
346 2397 377 2435 17.
390 2402 535 2444 supremum.
587 2395 645 2434 toute
665 2391 782 2444 libertast
804 2403 831 2433 on
851 2403 874 2433 se
890 2392 964 2434 taiseit
983 2404 1009 2433 un
1100 2407 1103 2427 ι

109 2456 127 2498 ΙΙ
137 2455 183 2498 lant
195 2459 301 2496 remonter
313 2455 325 2496 t
335 2453 356 2496 le
364 2453 442 2495 details
450 2452 475 2494 de
484 2453 537 2495 l'Al-
587 2453 662 2507 plaisir
675 2454 722 2496 d'en
736 2464 793 2495 uscr.
804 2475 831 2483 -
844 2458 864 2495 6.
876 2453 944 2502 sesso
957 2454 1010 2507 jorn
1101 2499 1103 2505 ,

109 2517 140 2560 lia
151 2521 173 2559 et
184 2517 196 2558 a
208 2515 323 2560 l’incendie
337 2515 363 2558 de
374 2515 440 2557 Rome
455 2526 493 2568 par
505 2514 537 2557 les
586 2519 652 2556 aetate
661 2513 745 2560 Galbae.
754 2524 781 2555 uu
790 2512 833 2555 lieu
849 2512 875 2554 de
887 2513 950 2562 sesso
957 2515 1010 2568 jum
1101 2541 1103 2556 .

109 2577 209 2630 Gaulois,
228 2590 283 2632 pour
301 2582 388 2619 trouver
409 2575 447 2619 des
464 2577 538 2620 irene·
586 2580 652 2617 aetutc
671 2574 760 2625 Gotbo,·
772 2586 814 2629 roy
834 2574 898 2616 Rem.
918 2582 938 2616 2.
951 2599 977 2606 -
989 2581 1009 2618 7.

109 2639 235 2694 mortequi
253 2639 312 2681 nient
334 2636 415 2692 inspiro
432 2649 473 2680 aux
496 2639 537 2678 Ro-
582 2636 840 2692 judicium,Jugement
858 2635 1010 2690 impartiat-
1101 2620 1103 2656 1

108 2701 180 2744 mains
194 2698 391 2743 autenrd'e'motion
401 2699 457 2742 etde
468 2697 538 2740 crain-
587 2705 607 2741 e.
626 2697 698 2740 stulta
711 2709 760 2751 spo,
781 2709 844 2752 parce
858 2709 899 2752 que
915 2699 946 2740 les
962 2710 1010 2752 per1
1101 2721 1103 2746 =

109 2767 142 2814 ως
154 2773 178 2803 ce
191 2761 286 2814 futpour
295 2773 333 2802 eux
346 2760 429 2802 l'annec
443 2759 535 2802 terrible.
586 2770 694 2813 sonnages
709 2758 766 2801 ainsi
785 2759 885 2812 de'signe's
905 2760 1009 2801 n'avaient

136 2823 184 2866 ΧΠ.
218 2827 237 2864 1.
269 2823 450 2876 procuratoris,
487 2833 535 2876 roy.
586 2833 668 2863 aucune
683 2820 771 2864 chance.
789 2843 817 2852 -
833 2828 854 2866 9.
870 2821 1010 2870 ambitiosis,
1100 2804 1103 2833 ¹

109 2884 169 2925 Dior.
184 2883 247 2934 latete
269 2895 292 2934 c,
313 2893 361 2937 roy.
379 2883 442 2926 Hem.
463 2887 496 2926 oo.
510 2905 538 2912 —
587 2894 641 2937 pour
657 2882 710 2925 faire
723 2883 770 2925 leur
783 2894 843 2926 cour.
853 2905 880 2913 -
891 2890 923 2927 lo.
939 2882 1009 2924 dest&
1079 2916 1081 2918 .

110 2952 129 2989 a.
141 2944 246 2998 mollius,
258 2957 309 2986 avec
320 2943 535 2999 plusd'indulgeuce.
585 2946 683 2996 amam,
700 2956 730 2987 sc.
748 2946 917 2999 adoptandum.
934 2967 961 2976 -
979 2949 1009 2985 ιι.

112 3028 136 3038 -
157 3013 177 3050 3.
197 3007 335 3060 adoptione,
356 3005 376 3047 lc
402 3005 466 3047 choix
487 3006 536 3048 d'un
586 3007 615 3048 in
628 3007 652 3048 T.
667 3007 1009 3061 Viuiodium,soy.ltem.75.

111 3068 361 3122 crearemur-open.
379 3073 454 3109 xuret
472 3065 536 3118 suin}
586 3068 744 3110 -12.eodcm
755 3068 1009 3120 ortmdumbmeconp,
1101 3063 1103 3119 ξ

112 3141 186 3172 secum
216 3129 327 3185 epitomis
354 3145 379 3166 =
403 3128 537 3172 corasutton«
588 3129 1010 3186 saliendoranw,voy.Rem.roa‚t·;
1101 3128 1103 3151 ³
