<?xml version="1.0" encoding="UTF-8"?>
<!DOCTYPE html PUBLIC "-//W3C//DTD XHTML 1.0 Transitional//EN"
    "http://www.w3.org/TR/xhtml1/DTD/xhtml1-transitional.dtd">
<html xmlns="http://www.w3.org/1999/xhtml" xml:lang="en" lang="en">
 <head>
  <title>
</title>
<meta http-equiv="Content-Type" content="text/html;charset=utf-8" />
  <meta name='ocr-system' content='tesseract 3.04.00' />
  <meta name='ocr-capabilities' content='ocr_page ocr_carea ocr_par ocr_line ocrx_word'/>
</head>
<body>
  <div class='ocr_page' id='page_1' title='image "./corneliitacitih04tacigoog_0128.png"; bbox 0 0 2209 3392; ppageno 0'>
   <div class='ocr_carea' id='block_1_1' title="bbox 139 101 839 199">
    <p class='ocr_par' dir='ltr' id='par_1_1' title="bbox 139 101 839 199">
     <span class='ocr_line' id='line_1_1' title="bbox 139 101 839 199; baseline -0.003 -28"><span class='ocrx_word' id='word_1_1' title='bbox 139 116 175 171; x_wconf 91' lang='lat'><strong>78</strong></span> <span class='ocrx_word' id='word_1_2' title='bbox 218 188 221 199; x_wconf 26' lang='grc' dir='ltr'>ι</span> <span class='ocrx_word' id='word_1_3' title='bbox 327 126 477 173; x_wconf 78' lang='lat' dir='ltr'><strong>scauuini</strong></span> <span class='ocrx_word' id='word_1_4' title='bbox 499 126 601 173; x_wconf 82' lang='lat' dir='ltr'><strong>TAC1Tl</strong></span> <span class='ocrx_word' id='word_1_5' title='bbox 625 101 839 170; x_wconf 69' lang='lat' dir='ltr'><strong>urs&#39;ronrnnuu</strong></span> 
     </span>
    </p>
   </div>
   <div class='ocr_carea' id='block_1_2' title="bbox 133 241 1042 2453">
    <p class='ocr_par' dir='ltr' id='par_1_2' title="bbox 136 241 1042 1743">
     <span class='ocr_line' id='line_1_2' title="bbox 139 241 1038 317; baseline -0.003 -16"><span class='ocrx_word' id='word_1_6' title='bbox 139 250 258 317; x_wconf 87' lang='lat' dir='ltr'><strong>utraque</strong></span> <span class='ocrx_word' id='word_1_7' title='bbox 273 260 359 300; x_wconf 88' lang='lat' dir='ltr'><strong>manu</strong></span> <span class='ocrx_word' id='word_1_8' title='bbox 373 247 485 317; x_wconf 84' lang='lat' dir='ltr'><strong>regunt,</strong></span> <span class='ocrx_word' id='word_1_9' title='bbox 503 243 596 310; x_wconf 68' lang='lat' dir='ltr'><strong>usuil,</strong></span> <span class='ocrx_word' id='word_1_10' title='bbox 618 242 795 314; x_wconf 78' lang='lat' dir='ltr'><strong>lapsantibus</strong></span> <span class='ocrx_word' id='word_1_11' title='bbox 814 241 896 314; x_wconf 86' lang='lat' dir='ltr'><strong>equis</strong></span> <span class='ocrx_word' id='word_1_12' title='bbox 916 246 947 298; x_wconf 90' lang='lat' dir='ltr'><strong>et</strong></span> <span class='ocrx_word' id='word_1_13' title='bbox 965 244 1038 299; x_wconf 86' lang='lat' dir='ltr'><strong>cata·</strong></span> 
     </span>
     <span class='ocr_line' id='line_1_3' title="bbox 137 328 1040 406; baseline -0.006 -14"><span class='ocrx_word' id='word_1_14' title='bbox 137 336 291 393; x_wconf 76' lang='lat' dir='ltr'><strong>fractarum</strong></span> <span class='ocrx_word' id='word_1_15' title='bbox 303 338 315 371; x_wconf 84' lang='lat'>⁸</span> <span class='ocrx_word' id='word_1_16' title='bbox 327 334 460 405; x_wconf 89' lang='lat' dir='ltr'><strong>pondere.</strong></span> <span class='ocrx_word' id='word_1_17' title='bbox 478 332 510 390; x_wconf 90' lang='lat' dir='ltr'><strong>ld</strong></span> <span class='ocrx_word' id='word_1_18' title='bbox 523 331 698 406; x_wconf 86' lang='lat' dir='ltr'><strong>principibus</strong></span> <span class='ocrx_word' id='word_1_19' title='bbox 705 334 734 387; x_wconf 87' lang='lat' dir='ltr'><strong>et</strong></span> <span class='ocrx_word' id='word_1_20' title='bbox 743 328 921 387; x_wconf 90' lang='lat' dir='ltr'><strong>nobilissimo</strong></span> <span class='ocrx_word' id='word_1_21' title='bbox 935 330 1040 405; x_wconf 89' lang='lat' dir='ltr'><strong>cuique</strong></span> 
     </span>
     <span class='ocr_line' id='line_1_4' title="bbox 139 420 1038 497; baseline -0.007 -16"><span class='ocrx_word' id='word_1_22' title='bbox 139 424 273 497; x_wconf 81' lang='lat' dir='ltr'><strong>tegimen,</strong></span> <span class='ocrx_word' id='word_1_23' title='bbox 288 422 388 479; x_wconf 79' lang='lat' dir='ltr'><strong>ferreis</strong></span> <span class='ocrx_word' id='word_1_24' title='bbox 402 422 547 479; x_wconf 86' lang='lat' dir='ltr'><strong>lamminis</strong></span> <span class='ocrx_word' id='word_1_25' title='bbox 560 425 610 478; x_wconf 94' lang='lat' dir='ltr'><strong>aut</strong></span> <span class='ocrx_word' id='word_1_26' title='bbox 621 422 754 494; x_wconf 86' lang='lat' dir='ltr'><strong>praeduro</strong></span> <span class='ocrx_word' id='word_1_27' title='bbox 769 420 846 477; x_wconf 91' lang='lat' dir='ltr'><strong>corio</strong></span> <span class='ocrx_word' id='word_1_28' title='bbox 858 426 1038 490; x_wconf 89' lang='lat' dir='ltr'><strong>consertum,</strong></span> 
     </span>
     <span class='ocr_line' id='line_1_5' title="bbox 139 510 1040 584; baseline -0.006 -14"><span class='ocrx_word' id='word_1_29' title='bbox 139 518 169 570; x_wconf 93' lang='lat' dir='ltr'><strong>ut</strong></span> <span class='ocrx_word' id='word_1_30' title='bbox 184 514 322 571; x_wconf 89' lang='lat' dir='ltr'><strong>adversus</strong></span> <span class='ocrx_word' id='word_1_31' title='bbox 335 512 408 569; x_wconf 87' lang='lat' dir='ltr'><strong>ictus</strong></span> <span class='ocrx_word' id='word_1_32' title='bbox 422 511 645 584; x_wconf 77' lang='lat' dir='ltr'><strong>impenetrabile,</strong></span> <span class='ocrx_word' id='word_1_33' title='bbox 663 510 703 567; x_wconf 91' lang='lat' dir='ltr'><strong>ita</strong></span> <span class='ocrx_word' id='word_1_34' title='bbox 713 510 821 583; x_wconf 90' lang='lat' dir='ltr'><strong>impetu</strong></span> <span class='ocrx_word' id='word_1_35' title='bbox 834 511 962 566; x_wconf 91' lang='lat' dir='ltr'><strong>hostium</strong></span> <span class='ocrx_word' id='word_1_36' title='bbox 977 526 1040 583; x_wconf 87' lang='lat' dir='ltr'><strong>pro·</strong></span> 
     </span>
     <span class='ocr_line' id='line_1_6' title="bbox 138 598 1041 674; baseline -0.004 -15"><span class='ocrx_word' id='word_1_37' title='bbox 138 603 242 659; x_wconf 89' lang='lat' dir='ltr'><strong>volutis</strong></span> <span class='ocrx_word' id='word_1_38' title='bbox 266 601 391 657; x_wconf 85' lang='lat' dir='ltr'><strong>inhabile</strong></span> <span class='ocrx_word' id='word_1_39' title='bbox 414 602 448 657; x_wconf 90' lang='lat' dir='ltr'><strong>ad</strong></span> <span class='ocrx_word' id='word_1_40' title='bbox 470 601 696 674; x_wconf 79' lang='lat' dir='ltr'><strong>resurgendum3</strong></span> <span class='ocrx_word' id='word_1_41' title='bbox 723 599 809 655; x_wconf 90' lang='lat' dir='ltr'><strong>simul</strong></span> <span class='ocrx_word' id='word_1_42' title='bbox 832 598 985 657; x_wconf 85' lang='lat' dir='ltr'><strong>altitudine</strong></span> <span class='ocrx_word' id='word_1_43' title='bbox 1010 604 1041 655; x_wconf 90' lang='lat' dir='ltr'><strong>et</strong></span> 
     </span>
     <span class='ocr_line' id='line_1_7' title="bbox 137 688 1041 747; baseline -0.002 0"><span class='ocrx_word' id='word_1_44' title='bbox 137 692 258 747; x_wconf 91' lang='lat' dir='ltr'><strong>mollitia</strong></span> <span class='ocrx_word' id='word_1_45' title='bbox 273 690 345 747; x_wconf 84' lang='lat' dir='ltr'><strong>nivis</strong></span> <span class='ocrx_word' id='word_1_46' title='bbox 360 691 574 747; x_wconf 76' lang='lat' dir='ltr'><strong>hauriebantur.</strong></span> <span class='ocrx_word' id='word_1_47' title='bbox 587 691 732 746; x_wconf 85' lang='lat' dir='ltr'><strong>Romanus</strong></span> <span class='ocrx_word' id='word_1_48' title='bbox 746 688 830 745; x_wconf 91' lang='lat' dir='ltr'><strong>miles</strong></span> <span class='ocrx_word' id='word_1_49' title='bbox 844 688 936 745; x_wconf 86' lang='lat' dir='ltr'><strong>facilis</strong></span> <span class='ocrx_word' id='word_1_50' title='bbox 951 689 1041 745; x_wconf 88' lang='lat' dir='ltr'><strong>lorica</strong></span> 
     </span>
     <span class='ocr_line' id='line_1_8' title="bbox 136 777 1040 851; baseline -0.003 -14"><span class='ocrx_word' id='word_1_51' title='bbox 136 784 166 837; x_wconf 93' lang='lat' dir='ltr'><strong>et</strong></span> <span class='ocrx_word' id='word_1_52' title='bbox 188 779 289 835; x_wconf 89' lang='lat' dir='ltr'><strong>missili</strong></span> <span class='ocrx_word' id='word_1_53' title='bbox 304 779 362 851; x_wconf 93' lang='lat' dir='ltr'><strong>pilo</strong></span> <span class='ocrx_word' id='word_1_54' title='bbox 386 783 436 835; x_wconf 92' lang='lat' dir='ltr'><strong>aut</strong></span> <span class='ocrx_word' id='word_1_55' title='bbox 459 779 564 836; x_wconf 80' lang='lat' dir='ltr'><strong>lanceis</strong></span> <span class='ocrx_word' id='word_1_56' title='bbox 589 778 744 845; x_wconf 85' lang='lat' dir='ltr'><strong>assultans,</strong></span> <span class='ocrx_word' id='word_1_57' title='bbox 768 777 816 833; x_wconf 94' lang='lat' dir='ltr'><strong>ubi</strong></span> <span class='ocrx_word' id='word_1_58' title='bbox 834 794 881 835; x_wconf 88' lang='lat' dir='ltr'><strong>res</strong></span> <span class='ocrx_word' id='word_1_59' title='bbox 896 781 1040 849; x_wconf 85' lang='lat' dir='ltr'><strong>posceret,</strong></span> 
     </span>
     <span class='ocr_line' id='line_1_9' title="bbox 136 867 1040 942; baseline -0.002 -18"><span class='ocrx_word' id='word_1_60' title='bbox 136 868 192 926; x_wconf 89' lang='lat' dir='ltr'><strong>levi</strong></span> <span class='ocrx_word' id='word_1_61' title='bbox 222 868 317 942; x_wconf 86' lang='lat' dir='ltr'><strong>gladio</strong></span> <span class='ocrx_word' id='word_1_62' title='bbox 348 868 486 925; x_wconf 85' lang='lat' dir='ltr'><strong>inermem</strong></span> <span class='ocrx_word' id='word_1_63' title='bbox 519 869 681 925; x_wconf 84' lang='lat' dir='ltr'><strong>Sarmatam</strong></span> <span class='ocrx_word' id='word_1_64' title='bbox 714 869 819 941; x_wconf 86' lang='lat' dir='ltr'><strong>(neque</strong></span> <span class='ocrx_word' id='word_1_65' title='bbox 846 867 924 924; x_wconf 88' lang='lat' dir='ltr'><strong>enim</strong></span> <span class='ocrx_word' id='word_1_66' title='bbox 957 872 1040 924; x_wconf 88' lang='lat' dir='ltr'><strong>scuto</strong></span> 
     </span>
     <span class='ocr_line' id='line_1_10' title="bbox 137 956 1039 1031; baseline -0.004 -17"><span class='ocrx_word' id='word_1_67' title='bbox 137 958 249 1015; x_wconf 82' lang='lat' dir='ltr'><strong>delendi</strong></span> <span class='ocrx_word' id='word_1_68' title='bbox 278 974 340 1015; x_wconf 91' lang='lat' dir='ltr'><strong>mos</strong></span> <span class='ocrx_word' id='word_1_69' title='bbox 375 960 430 1031; x_wconf 88' lang='lat' dir='ltr'><strong>est)</strong></span> <span class='ocrx_word' id='word_1_70' title='bbox 458 957 618 1015; x_wconf 87' lang='lat' dir='ltr'><strong>comminus</strong></span> <span class='ocrx_word' id='word_1_71' title='bbox 645 956 799 1027; x_wconf 67' lang='lat' dir='ltr'><strong>fodiebatl,</strong></span> <span class='ocrx_word' id='word_1_72' title='bbox 828 957 916 1013; x_wconf 91' lang='lat' dir='ltr'><strong>donec</strong></span> <span class='ocrx_word' id='word_1_73' title='bbox 945 956 1039 1027; x_wconf 87' lang='lat' dir='ltr'><strong>pauci,</strong></span> 
     </span>
     <span class='ocr_line' id='line_1_11' title="bbox 137 1042 1040 1121; baseline -0.004 -17"><span class='ocrx_word' id='word_1_74' title='bbox 137 1048 186 1121; x_wconf 90' lang='lat' dir='ltr'><strong>qui</strong></span> <span class='ocrx_word' id='word_1_75' title='bbox 212 1046 310 1121; x_wconf 93' lang='lat' dir='ltr'><strong>proelio</strong></span> <span class='ocrx_word' id='word_1_76' title='bbox 339 1042 549 1118; x_wconf 79' lang='lat' dir='ltr'><strong>superfuerant,</strong></span> <span class='ocrx_word' id='word_1_77' title='bbox 572 1046 723 1117; x_wconf 88' lang='lat' dir='ltr'><strong>paludibus</strong></span> <span class='ocrx_word' id='word_1_78' title='bbox 749 1045 965 1103; x_wconf 73' lang='lat' dir='ltr'><strong>abderenturw.</strong></span> <span class='ocrx_word' id='word_1_79' title='bbox 997 1045 1040 1100; x_wconf 89' lang='lat' dir='ltr'><strong>lbi</strong></span> 
     </span>
     <span class='ocr_line' id='line_1_12' title="bbox 137 1134 1041 1206; baseline -0.008 -10"><span class='ocrx_word' id='word_1_80' title='bbox 137 1138 246 1196; x_wconf 87' lang='lat' dir='ltr'><strong>saevitia</strong></span> <span class='ocrx_word' id='word_1_81' title='bbox 267 1135 368 1193; x_wconf 90' lang='lat' dir='ltr'><strong>hiemis</strong></span> <span class='ocrx_word' id='word_1_82' title='bbox 397 1140 447 1192; x_wconf 91' lang='lat' dir='ltr'><strong>aut</strong></span> <span class='ocrx_word' id='word_1_83' title='bbox 457 1141 478 1173; x_wconf 84' lang='lat'><strong>¹¹</strong></span> <span class='ocrx_word' id='word_1_84' title='bbox 514 1135 666 1192; x_wconf 89' lang='lat' dir='ltr'><strong>vulnerum</strong></span> <span class='ocrx_word' id='word_1_85' title='bbox 694 1134 847 1205; x_wconf 85' lang='lat' dir='ltr'><strong>absumpti.</strong></span> <span class='ocrx_word' id='word_1_86' title='bbox 881 1134 1041 1206; x_wconf 89' lang='lat' dir='ltr'><strong>Postquam</strong></span> 
     </span>
     <span class='ocr_line' id='line_1_13' title="bbox 137 1223 1041 1295; baseline -0.003 -14"><span class='ocrx_word' id='word_1_87' title='bbox 137 1226 165 1283; x_wconf 91' lang='lat' dir='ltr'><strong>id</strong></span> <span class='ocrx_word' id='word_1_88' title='bbox 191 1226 286 1281; x_wconf 84' lang='lat' dir='ltr'><strong>Romae</strong></span> <span class='ocrx_word' id='word_1_89' title='bbox 311 1227 498 1295; x_wconf 91' lang='lat' dir='ltr'><strong>compertum,</strong></span> <span class='ocrx_word' id='word_1_90' title='bbox 528 1223 566 1279; x_wconf 87' lang='lat' dir='ltr'><strong>M.</strong></span> <span class='ocrx_word' id='word_1_91' title='bbox 594 1223 721 1295; x_wconf 82' lang='lat' dir='ltr'><strong>Aponius</strong></span> <span class='ocrx_word' id='word_1_92' title='bbox 747 1223 876 1278; x_wconf 75' lang='lat' dir='ltr'><strong>Moesiam</strong></span> <span class='ocrx_word' id='word_1_93' title='bbox 905 1224 1041 1279; x_wconf 89' lang='lat' dir='ltr'><strong>obtinens</strong></span> 
     </span>
     <span class='ocr_line' id='line_1_14' title="bbox 137 1310 1042 1385; baseline -0.004 -14"><span class='ocrx_word' id='word_1_94' title='bbox 137 1313 302 1385; x_wconf 90' lang='lat' dir='ltr'><strong>triumphali</strong></span> <span class='ocrx_word' id='word_1_95' title='bbox 323 1316 427 1379; x_wconf 87' lang='lat' dir='ltr'><strong>statua,</strong></span> <span class='ocrx_word' id='word_1_96' title='bbox 450 1312 556 1368; x_wconf 87' lang='lat' dir='ltr'><strong>Fulvus</strong></span> <span class='ocrx_word' id='word_1_97' title='bbox 578 1312 709 1368; x_wconf 86' lang='lat' dir='ltr'><strong>Aurelius</strong></span> <span class='ocrx_word' id='word_1_98' title='bbox 727 1315 756 1368; x_wconf 90' lang='lat' dir='ltr'><strong>et</strong></span> <span class='ocrx_word' id='word_1_99' title='bbox 773 1310 906 1367; x_wconf 91' lang='lat' dir='ltr'><strong>Julianus</strong></span> <span class='ocrx_word' id='word_1_100' title='bbox 927 1310 1042 1367; x_wconf 85' lang='lat' dir='ltr'><strong>Tettius</strong></span> 
     </span>
     <span class='ocr_line' id='line_1_15' title="bbox 137 1400 1042 1474; baseline -0.006 -14"><span class='ocrx_word' id='word_1_101' title='bbox 137 1421 169 1460; x_wconf 91' lang='lat' dir='ltr'><strong>ac</strong></span> <span class='ocrx_word' id='word_1_102' title='bbox 180 1403 328 1459; x_wconf 88' lang='lat' dir='ltr'><strong>Numisius</strong></span> <span class='ocrx_word' id='word_1_103' title='bbox 343 1402 449 1473; x_wconf 89' lang='lat' dir='ltr'><strong>Lupus,</strong></span> <span class='ocrx_word' id='word_1_104' title='bbox 464 1400 550 1474; x_wconf 84' lang='lat' dir='ltr'><strong>legati</strong></span> <span class='ocrx_word' id='word_1_105' title='bbox 566 1401 722 1474; x_wconf 83' lang='lat' dir='ltr'><strong>legionum,</strong></span> <span class='ocrx_word' id='word_1_106' title='bbox 738 1400 937 1457; x_wconf 88' lang='lat' dir='ltr'><strong>consularibus</strong></span> <span class='ocrx_word' id='word_1_107' title='bbox 953 1416 1042 1456; x_wconf 90' lang='lat' dir='ltr'><strong>orna-</strong></span> 
     </span>
     <span class='ocr_line' id='line_1_16' title="bbox 137 1488 1041 1562; baseline -0.004 -13"><span class='ocrx_word' id='word_1_108' title='bbox 137 1493 269 1549; x_wconf 78' lang='lat' dir='ltr'><strong>mentis¹²</strong></span> <span class='ocrx_word' id='word_1_109' title='bbox 291 1491 443 1559; x_wconf 88' lang='lat' dir='ltr'><strong>donantur,</strong></span> <span class='ocrx_word' id='word_1_110' title='bbox 466 1490 531 1546; x_wconf 82' lang='lat' dir='ltr'><strong>lueto</strong></span> <span class='ocrx_word' id='word_1_111' title='bbox 558 1489 670 1545; x_wconf 89' lang='lat' dir='ltr'><strong>Othone</strong></span> <span class='ocrx_word' id='word_1_112' title='bbox 691 1493 720 1545; x_wconf 93' lang='lat' dir='ltr'><strong>et</strong></span> <span class='ocrx_word' id='word_1_113' title='bbox 742 1489 865 1562; x_wconf 87' lang='lat' dir='ltr'><strong>gloriam</strong></span> <span class='ocrx_word' id='word_1_114' title='bbox 879 1488 909 1544; x_wconf 92' lang='lat' dir='ltr'><strong>in</strong></span> <span class='ocrx_word' id='word_1_115' title='bbox 933 1505 964 1545; x_wconf 90' lang='lat' dir='ltr'><strong>sc</strong></span> <span class='ocrx_word' id='word_1_116' title='bbox 979 1494 1041 1545; x_wconf 86' lang='lat' dir='ltr'><strong>tra-</strong></span> 
     </span>
     <span class='ocr_line' id='line_1_17' title="bbox 137 1576 1042 1653; baseline -0.003 -15"><span class='ocrx_word' id='word_1_117' title='bbox 137 1583 232 1653; x_wconf 88' lang='lat' dir='ltr'><strong>hente,</strong></span> <span class='ocrx_word' id='word_1_118' title='bbox 257 1584 394 1652; x_wconf 87' lang='lat' dir='ltr'><strong>tanquam</strong></span> <span class='ocrx_word' id='word_1_119' title='bbox 420 1583 448 1635; x_wconf 91' lang='lat' dir='ltr'><strong>et</strong></span> <span class='ocrx_word' id='word_1_120' title='bbox 473 1577 533 1649; x_wconf 88' lang='lat' dir='ltr'><strong>ipse</strong></span> <span class='ocrx_word' id='word_1_121' title='bbox 557 1576 623 1634; x_wconf 79' lang='lat' dir='ltr'><strong>felix</strong></span> <span class='ocrx_word' id='word_1_122' title='bbox 646 1578 720 1633; x_wconf 91' lang='lat' dir='ltr'><strong>bello</strong></span> <span class='ocrx_word' id='word_1_123' title='bbox 744 1580 773 1633; x_wconf 91' lang='lat' dir='ltr'><strong>et</strong></span> <span class='ocrx_word' id='word_1_124' title='bbox 798 1576 859 1634; x_wconf 88' lang='lat' dir='ltr'><strong>suis</strong></span> <span class='ocrx_word' id='word_1_125' title='bbox 883 1577 1007 1635; x_wconf 90' lang='lat' dir='ltr'><strong>ducibus</strong></span> <span class='ocrx_word' id='word_1_126' title='bbox 1018 1584 1042 1617; x_wconf 82' lang='lat'><strong>¹³</strong></span> 
     </span>
     <span class='ocr_line' id='line_1_18' title="bbox 137 1666 821 1743; baseline -0.006 -16"><span class='ocrx_word' id='word_1_127' title='bbox 137 1670 252 1743; x_wconf 87' lang='lat' dir='ltr'><strong>suisque</strong></span> <span class='ocrx_word' id='word_1_128' title='bbox 264 1668 433 1726; x_wconf 86' lang='lat' dir='ltr'><strong>exercitibus</strong></span> <span class='ocrx_word' id='word_1_129' title='bbox 447 1684 509 1724; x_wconf 92' lang='lat' dir='ltr'><strong>reru</strong></span> <span class='ocrx_word' id='word_1_130' title='bbox 523 1666 666 1738; x_wconf 89' lang='lat' dir='ltr'><strong>publicam</strong></span> <span class='ocrx_word' id='word_1_131' title='bbox 685 1666 821 1723; x_wconf 82' lang='lat' dir='ltr'><strong>auxisset.</strong></span> 
     </span>
    </p>

    <p class='ocr_par' dir='ltr' id='par_1_3' title="bbox 133 1755 1041 2453">
     <span class='ocr_line' id='line_1_19' title="bbox 172 1755 1040 1826; baseline -0.002 -11"><span class='ocrx_word' id='word_1_132' title='bbox 172 1758 275 1815; x_wconf 91' lang='lat' dir='ltr'>LXXX.</span> <span class='ocrx_word' id='word_1_133' title='bbox 303 1758 394 1814; x_wconf 89' lang='lat' dir='ltr'><strong>Parvo</strong></span> <span class='ocrx_word' id='word_1_134' title='bbox 424 1756 539 1813; x_wconf 91' lang='lat' dir='ltr'><strong>interim</strong></span> <span class='ocrx_word' id='word_1_135' title='bbox 563 1756 653 1825; x_wconf 88' lang='lat' dir='ltr'><strong>initio,</strong></span> <span class='ocrx_word' id='word_1_136' title='bbox 674 1757 749 1811; x_wconf 88' lang='lat' dir='ltr'><strong>unde</strong></span> <span class='ocrx_word' id='word_1_137' title='bbox 775 1755 846 1812; x_wconf 91' lang='lat' dir='ltr'><strong>nihil</strong></span> <span class='ocrx_word' id='word_1_138' title='bbox 870 1756 1040 1826; x_wconf 90' lang='lat' dir='ltr'><strong>timebatur,</strong></span> 
     </span>
     <span class='ocr_line' id='line_1_20' title="bbox 137 1842 1040 1917; baseline -0.004 -14"><span class='ocrx_word' id='word_1_139' title='bbox 137 1850 199 1903; x_wconf 89' lang='lat' dir='ltr'><strong>orta</strong></span> <span class='ocrx_word' id='word_1_140' title='bbox 211 1845 312 1903; x_wconf 89' lang='lat' dir='ltr'><strong>seditio</strong></span> <span class='ocrx_word' id='word_1_141' title='bbox 330 1862 416 1917; x_wconf 89' lang='lat' dir='ltr'><strong>prope</strong></span> <span class='ocrx_word' id='word_1_142' title='bbox 440 1845 503 1901; x_wconf 90' lang='lat' dir='ltr'><strong>urbi</strong></span> <span class='ocrx_word' id='word_1_143' title='bbox 523 1844 630 1900; x_wconf 85' lang='lat' dir='ltr'><strong>excidio</strong></span> <span class='ocrx_word' id='word_1_144' title='bbox 644 1843 705 1899; x_wconf 81' lang='lat' dir='ltr'><strong>luit</strong></span> <span class='ocrx_word' id='word_1_145' title='bbox 726 1842 883 1915; x_wconf 79' lang='lat' dir='ltr'><strong>Septimum</strong></span> <span class='ocrx_word' id='word_1_146' title='bbox 898 1844 1040 1900; x_wconf 89' lang='lat' dir='ltr'><strong>decimam</strong></span> 
     </span>
     <span class='ocr_line' id='line_1_21' title="bbox 136 1931 1041 1992; baseline -0.001 0"><span class='ocrx_word' id='word_1_147' title='bbox 136 1936 282 1992; x_wconf 89' lang='lat' dir='ltr'><strong>cohortem</strong></span> <span class='ocrx_word' id='word_1_148' title='bbox 308 1952 341 1991; x_wconf 85' lang='lat' dir='ltr'><strong>ex</strong></span> <span class='ocrx_word' id='word_1_149' title='bbox 371 1934 482 1991; x_wconf 91' lang='lat' dir='ltr'><strong>colonia</strong></span> <span class='ocrx_word' id='word_1_150' title='bbox 503 1933 648 1991; x_wconf 86' lang='lat' dir='ltr'><strong>Ostiensi¹</strong></span> <span class='ocrx_word' id='word_1_151' title='bbox 668 1934 698 1989; x_wconf 93' lang='lat' dir='ltr'><strong>in</strong></span> <span class='ocrx_word' id='word_1_152' title='bbox 722 1933 821 1989; x_wconf 91' lang='lat' dir='ltr'><strong>urbem</strong></span> <span class='ocrx_word' id='word_1_153' title='bbox 847 1931 932 1989; x_wconf 90' lang='lat' dir='ltr'><strong>acciri</strong></span> <span class='ocrx_word' id='word_1_154' title='bbox 963 1932 1041 1991; x_wconf 90' lang='lat' dir='ltr'><strong>Otho</strong></span> 
     </span>
     <span class='ocr_line' id='line_1_22' title="bbox 135 2022 1041 2097; baseline -0.001 -16"><span class='ocrx_word' id='word_1_155' title='bbox 135 2026 278 2097; x_wconf 87' lang='lat' dir='ltr'><strong>jusserat;</strong></span> <span class='ocrx_word' id='word_1_156' title='bbox 297 2025 440 2079; x_wconf 72' lang='lat' dir='ltr'><strong>armandae</strong></span> <span class='ocrx_word' id='word_1_157' title='bbox 456 2024 517 2096; x_wconf 89' lang='lat' dir='ltr'><strong>ejus</strong></span> <span class='ocrx_word' id='word_1_158' title='bbox 532 2029 620 2080; x_wconf 79' lang='lat' dir='ltr'><strong>cura²</strong></span> <span class='ocrx_word' id='word_1_159' title='bbox 638 2022 724 2079; x_wconf 88' lang='lat' dir='ltr'><strong>Vario</strong></span> <span class='ocrx_word' id='word_1_160' title='bbox 745 2022 876 2094; x_wconf 87' lang='lat' dir='ltr'><strong>Crispino</strong></span> <span class='ocrx_word' id='word_1_161' title='bbox 890 2022 1010 2081; x_wconf 89' lang='lat' dir='ltr'><strong>tribuno</strong></span> <span class='ocrx_word' id='word_1_162' title='bbox 1025 2040 1041 2080; x_wconf 93' lang='lat' dir='ltr'><strong>e</strong></span> 
     </span>
     <span class='ocr_line' id='line_1_23' title="bbox 135 2110 1041 2185; baseline -0.002 -16"><span class='ocrx_word' id='word_1_163' title='bbox 135 2111 315 2185; x_wconf 88' lang='lat' dir='ltr'><strong>praetorianis</strong></span> <span class='ocrx_word' id='word_1_164' title='bbox 332 2112 407 2167; x_wconf 87' lang='lat' dir='ltr'><strong>data.</strong></span> <span class='ocrx_word' id='word_1_165' title='bbox 431 2111 457 2167; x_wconf 90' lang='lat' dir='ltr'><strong>ls</strong></span> <span class='ocrx_word' id='word_1_166' title='bbox 478 2128 534 2183; x_wconf 91' lang='lat' dir='ltr'><strong>quo</strong></span> <span class='ocrx_word' id='word_1_167' title='bbox 557 2111 650 2185; x_wconf 81' lang='lat' dir='ltr'><strong>magis</strong></span> <span class='ocrx_word' id='word_1_168' title='bbox 663 2127 771 2167; x_wconf 82' lang='lat' dir='ltr'><strong>vacuus</strong></span> <span class='ocrx_word' id='word_1_169' title='bbox 792 2111 897 2183; x_wconf 89' lang='lat' dir='ltr'><strong>quietis</strong></span> <span class='ocrx_word' id='word_1_170' title='bbox 916 2110 1041 2168; x_wconf 80' lang='lat' dir='ltr'><strong>castris⁵</strong></span> 
     </span>
     <span class='ocr_line' id='line_1_24' title="bbox 133 2200 1040 2275; baseline -0.002 -18"><span class='ocrx_word' id='word_1_171' title='bbox 133 2202 214 2275; x_wconf 86' lang='lat' dir='ltr'><strong>jussa</strong></span> <span class='ocrx_word' id='word_1_172' title='bbox 235 2204 445 2272; x_wconf 83' lang='lat' dir='ltr'><strong>exsequeretur,</strong></span> <span class='ocrx_word' id='word_1_173' title='bbox 473 2200 601 2257; x_wconf 88' lang='lat' dir='ltr'><strong>vehicula</strong></span> <span class='ocrx_word' id='word_1_174' title='bbox 626 2200 752 2257; x_wconf 89' lang='lat' dir='ltr'><strong>cohortis</strong></span> <span class='ocrx_word' id='word_1_175' title='bbox 774 2200 928 2271; x_wconf 88' lang='lat' dir='ltr'><strong>incipiente</strong></span> <span class='ocrx_word' id='word_1_176' title='bbox 956 2205 1040 2260; x_wconf 87' lang='lat' dir='ltr'><strong>nocte</strong></span> 
     </span>
     <span class='ocr_line' id='line_1_25' title="bbox 135 2289 1040 2363; baseline -0.002 -15"><span class='ocrx_word' id='word_1_177' title='bbox 135 2290 248 2348; x_wconf 90' lang='lat' dir='ltr'><strong>onerari</strong></span> <span class='ocrx_word' id='word_1_178' title='bbox 264 2292 362 2362; x_wconf 86' lang='lat' dir='ltr'><strong>aperto</strong></span> <span class='ocrx_word' id='word_1_179' title='bbox 378 2289 598 2347; x_wconf 87' lang='lat' dir='ltr'><strong>armamentario</strong></span> <span class='ocrx_word' id='word_1_180' title='bbox 609 2290 699 2363; x_wconf 87' lang='lat' dir='ltr'><strong>jubet.</strong></span> <span class='ocrx_word' id='word_1_181' title='bbox 715 2290 839 2361; x_wconf 83' lang='lat' dir='ltr'><strong>Tempus</strong></span> <span class='ocrx_word' id='word_1_182' title='bbox 853 2290 882 2344; x_wconf 92' lang='lat' dir='ltr'><strong>in</strong></span> <span class='ocrx_word' id='word_1_183' title='bbox 896 2290 1040 2360; x_wconf 90' lang='lat' dir='ltr'><strong>suspicio-</strong></span> 
     </span>
     <span class='ocr_line' id='line_1_26' title="bbox 135 2378 1039 2453; baseline -0.004 -16"><span class='ocrx_word' id='word_1_184' title='bbox 135 2398 209 2449; x_wconf 86' lang='lat' dir='ltr'><strong>nem,</strong></span> <span class='ocrx_word' id='word_1_185' title='bbox 233 2396 318 2437; x_wconf 87' lang='lat' dir='ltr'><strong>causa</strong></span> <span class='ocrx_word' id='word_1_186' title='bbox 343 2379 373 2435; x_wconf 91' lang='lat' dir='ltr'><strong>in</strong></span> <span class='ocrx_word' id='word_1_187' title='bbox 397 2380 519 2449; x_wconf 89' lang='lat' dir='ltr'><strong>crimen,</strong></span> <span class='ocrx_word' id='word_1_188' title='bbox 541 2379 683 2436; x_wconf 80' lang='lat' dir='ltr'><strong>affectatio</strong></span> <span class='ocrx_word' id='word_1_189' title='bbox 705 2379 809 2453; x_wconf 87' lang='lat' dir='ltr'><strong>quietis</strong></span> <span class='ocrx_word' id='word_1_190' title='bbox 828 2378 856 2433; x_wconf 95' lang='lat' dir='ltr'><strong>in</strong></span> <span class='ocrx_word' id='word_1_191' title='bbox 879 2379 1039 2435; x_wconf 89' lang='lat' dir='ltr'><strong>tumultum</strong></span> 
     </span>
    </p>
   </div>
   <div class='ocr_carea' id='block_1_3' title="bbox 134 2559 1041 2929">
    <p class='ocr_par' dir='ltr' id='par_1_4' title="bbox 134 2559 1041 2740">
     <span class='ocr_line' id='line_1_27' title="bbox 134 2559 1041 2617; baseline -0.007 -9"><span class='ocrx_word' id='word_1_192' title='bbox 134 2571 189 2608; x_wconf 87' lang='grc'><strong>-7,</strong></span> <span class='ocrx_word' id='word_1_193' title='bbox 205 2565 263 2607; x_wconf 83' lang='lat' dir='ltr'><strong>usui</strong></span> <span class='ocrx_word' id='word_1_194' title='bbox 283 2564 377 2617; x_wconf 80' lang='lat' dir='ltr'><strong>(eraut).</strong></span> <span class='ocrx_word' id='word_1_195' title='bbox 396 2585 424 2594; x_wconf 92' lang='lat'>-</span> <span class='ocrx_word' id='word_1_196' title='bbox 450 2568 469 2604; x_wconf 79' lang='lat' dir='ltr'><strong>c.</strong></span> <span class='ocrx_word' id='word_1_197' title='bbox 489 2566 517 2613; x_wconf 85' lang='lat' dir='ltr'><strong>et,</strong></span> <span class='ocrx_word' id='word_1_198' title='bbox 537 2565 559 2603; x_wconf 88' lang='lat' dir='ltr'><strong>et</strong></span> <span class='ocrx_word' id='word_1_199' title='bbox 612 2581 639 2591; x_wconf 93' lang='lat'>-</span> <span class='ocrx_word' id='word_1_200' title='bbox 657 2564 689 2602; x_wconf 80' lang='grc'><strong>13.</strong></span> <span class='ocrx_word' id='word_1_201' title='bbox 708 2559 770 2609; x_wconf 70' lang='lat' dir='ltr'><strong>setim</strong></span> <span class='ocrx_word' id='word_1_202' title='bbox 786 2559 895 2611; x_wconf 76' lang='lat' dir='ltr'><strong>(suisset),</strong></span> <span class='ocrx_word' id='word_1_203' title='bbox 910 2572 961 2613; x_wconf 75' lang='lat' dir='ltr'><strong>roy.</strong></span> <span class='ocrx_word' id='word_1_204' title='bbox 976 2561 1041 2602; x_wconf 82' lang='lat' dir='ltr'><strong>Rem.</strong></span> 
     </span>
     <span class='ocr_line' id='line_1_28' title="bbox 135 2621 1039 2681; baseline -0.002 -14"><span class='ocrx_word' id='word_1_205' title='bbox 135 2626 205 2677; x_wconf 86' lang='lat' dir='ltr'><strong>aussi,·</strong></span> <span class='ocrx_word' id='word_1_206' title='bbox 215 2628 355 2679; x_wconf 73' lang='lat' dir='ltr'><strong>catafracloe,</strong></span> <span class='ocrx_word' id='word_1_207' title='bbox 365 2638 413 2681; x_wconf 76' lang='lat' dir='ltr'><strong>roy.</strong></span> <span class='ocrx_word' id='word_1_208' title='bbox 428 2626 488 2667; x_wconf 82' lang='lat' dir='ltr'><strong>Dict.</strong></span> <span class='ocrx_word' id='word_1_209' title='bbox 503 2624 558 2666; x_wconf 78' lang='lat' dir='ltr'><strong>hiat.</strong></span> <span class='ocrx_word' id='word_1_210' title='bbox 614 2628 660 2673; x_wconf 78' lang='lat'><strong>19⁸,</strong></span> <span class='ocrx_word' id='word_1_211' title='bbox 671 2626 705 2673; x_wconf 75' lang='lat'><strong>3’3</strong></span> <span class='ocrx_word' id='word_1_212' title='bbox 719 2622 772 2665; x_wconf 80' lang='lat' dir='ltr'><strong>auia</strong></span> <span class='ocrx_word' id='word_1_213' title='bbox 788 2621 896 2673; x_wconf 71' lang='lat' dir='ltr'><strong>ducibus,</strong></span> <span class='ocrx_word' id='word_1_214' title='bbox 909 2634 961 2676; x_wconf 71' lang='lat' dir='ltr'><strong>vop.</strong></span> <span class='ocrx_word' id='word_1_215' title='bbox 975 2623 1039 2665; x_wconf 80' lang='lat' dir='ltr'><strong>Rem.</strong></span> 
     </span>
     <span class='ocr_line' id='line_1_29' title="bbox 134 2687 647 2740; baseline -0.014 -8"><span class='ocrx_word' id='word_1_216' title='bbox 134 2711 160 2718; x_wconf 98' lang='lat'><em>-</em></span> <span class='ocrx_word' id='word_1_217' title='bbox 172 2696 191 2732; x_wconf 85' lang='lat'><strong>9.</strong></span> <span class='ocrx_word' id='word_1_218' title='bbox 204 2689 292 2740; x_wconf 72' lang='lat' dir='ltr'><strong>fucitis,</strong></span> <span class='ocrx_word' id='word_1_219' title='bbox 308 2700 335 2730; x_wconf 89' lang='lat' dir='ltr'><strong>au</strong></span> <span class='ocrx_word' id='word_1_220' title='bbox 345 2700 394 2730; x_wconf 82' lang='lat' dir='ltr'><strong>sens</strong></span> <span class='ocrx_word' id='word_1_221' title='bbox 409 2688 467 2739; x_wconf 85' lang='lat' dir='ltr'><strong>actii,</strong></span> <span class='ocrx_word' id='word_1_222' title='bbox 476 2698 558 2728; x_wconf 84' lang='lat' dir='ltr'><strong>comme</strong></span> <span class='ocrx_word' id='word_1_223' title='bbox 612 2687 647 2725; x_wconf 79' lang='lat' dir='ltr'><strong>il.</strong></span> 
     </span>
    </p>

    <p class='ocr_par' dir='ltr' id='par_1_5' title="bbox 135 2745 1041 2929">
     <span class='ocr_line' id='line_1_30' title="bbox 135 2745 1041 2805; baseline -0.004 -12"><span class='ocrx_word' id='word_1_224' title='bbox 135 2750 212 2805; x_wconf 75' lang='lat' dir='ltr'><strong>upilio,</strong></span> <span class='ocrx_word' id='word_1_225' title='bbox 223 2751 318 2793; x_wconf 81' lang='lat' dir='ltr'><strong>habilis.</strong></span> <span class='ocrx_word' id='word_1_226' title='bbox 329 2773 356 2781; x_wconf 92' lang='lat'><em>-</em></span> <span class='ocrx_word' id='word_1_227' title='bbox 365 2751 414 2800; x_wconf 82' lang='lat' dir='ltr'><strong>ubi,</strong></span> <span class='ocrx_word' id='word_1_228' title='bbox 430 2762 478 2804; x_wconf 73' lang='lat' dir='ltr'><strong>vop.</strong></span> <span class='ocrx_word' id='word_1_229' title='bbox 493 2750 557 2791; x_wconf 83' lang='lat' dir='ltr'><strong>Rem.</strong></span> <span class='ocrx_word' id='word_1_230' title='bbox 639 2745 727 2787; x_wconf 83' lang='lat' dir='ltr'>LXXX.</span> <span class='ocrx_word' id='word_1_231' title='bbox 743 2751 762 2787; x_wconf 83' lang='lat'><strong>¹.</strong></span> <span class='ocrx_word' id='word_1_232' title='bbox 781 2746 907 2798; x_wconf 73' lang='lat' dir='ltr'><strong>septimum</strong></span> <span class='ocrx_word' id='word_1_233' title='bbox 921 2746 1041 2789; x_wconf 55' lang='lat' dir='ltr'><strong>&amp;cimam</strong></span> 
     </span>
     <span class='ocr_line' id='line_1_31' title="bbox 136 2807 1039 2865; baseline -0.003 -10"><span class='ocrx_word' id='word_1_234' title='bbox 136 2820 185 2863; x_wconf 79' lang='lat'><strong>1073</strong></span> <span class='ocrx_word' id='word_1_235' title='bbox 198 2812 316 2864; x_wconf 83' lang='lat' dir='ltr'><strong>Sarmata,</strong></span> <span class='ocrx_word' id='word_1_236' title='bbox 329 2824 378 2865; x_wconf 79' lang='lat' dir='ltr'><strong>roy.</strong></span> <span class='ocrx_word' id='word_1_237' title='bbox 393 2812 456 2853; x_wconf 72' lang='lat' dir='ltr'><strong>Rene.</strong></span> <span class='ocrx_word' id='word_1_238' title='bbox 476 2815 512 2862; x_wconf 76' lang='lat'><strong>143</strong></span> <span class='ocrx_word' id='word_1_239' title='bbox 524 2810 559 2860; x_wconf 71' lang='lat' dir='ltr'><strong>so·</strong></span> <span class='ocrx_word' id='word_1_240' title='bbox 612 2810 731 2851; x_wconf 80' lang='lat' dir='ltr'><strong>cohortem</strong></span> <span class='ocrx_word' id='word_1_241' title='bbox 743 2807 840 2855; x_wconf 77' lang='lat' dir='ltr'><strong>(ctutum</strong></span> <span class='ocrx_word' id='word_1_242' title='bbox 853 2809 1039 2862; x_wconf 57' lang='lat' dir='ltr'><strong>Romanorumn</strong></span> 
     </span>
     <span class='ocr_line' id='line_1_32' title="bbox 135 2870 1040 2929; baseline -0.003 -11"><span class='ocrx_word' id='word_1_243' title='bbox 135 2876 218 2926; x_wconf 81' lang='lat' dir='ltr'><strong>diobol,</strong></span> <span class='ocrx_word' id='word_1_244' title='bbox 239 2887 293 2929; x_wconf 90' lang='lat' dir='ltr'><strong>pour</strong></span> <span class='ocrx_word' id='word_1_245' title='bbox 308 2874 465 2928; x_wconf 74' lang='lat' dir='ltr'><strong>transfipctat.</strong></span> <span class='ocrx_word' id='word_1_246' title='bbox 482 2895 509 2903; x_wconf 96' lang='lat'><strong>—</strong></span> <span class='ocrx_word' id='word_1_247' title='bbox 525 2878 558 2919; x_wconf 81' lang='lat' dir='ltr'><strong>lo,</strong></span> <span class='ocrx_word' id='word_1_248' title='bbox 613 2871 707 2913; x_wconf 70' lang='lat' dir='ltr'><strong>comnia</strong></span> <span class='ocrx_word' id='word_1_249' title='bbox 720 2870 842 2921; x_wconf 76' lang='lat' dir='ltr'><strong>Ostiensis,</strong></span> <span class='ocrx_word' id='word_1_250' title='bbox 853 2881 903 2924; x_wconf 75' lang='lat' dir='ltr'><strong>roy.</strong></span> <span class='ocrx_word' id='word_1_251' title='bbox 912 2872 973 2915; x_wconf 78' lang='lat' dir='ltr'><strong>Dici.</strong></span> <span class='ocrx_word' id='word_1_252' title='bbox 984 2872 1040 2915; x_wconf 79' lang='lat' dir='ltr'><strong>hist.</strong></span> 
     </span>
    </p>
   </div>
   <div class='ocr_carea' id='block_1_4' title="bbox 135 2932 1100 2996">
    <p class='ocr_par' dir='ltr' id='par_1_6' title="bbox 135 2932 1100 2996">
     <span class='ocr_line' id='line_1_33' title="bbox 135 2932 1100 2996; baseline -0.003 -17"><span class='ocrx_word' id='word_1_253' title='bbox 135 2938 240 2980; x_wconf 77' lang='lat' dir='ltr'><strong>donee...</strong></span> <span class='ocrx_word' id='word_1_254' title='bbox 258 2936 407 2985; x_wconf 77' lang='lat' dir='ltr'><strong>abderentur,</strong></span> <span class='ocrx_word' id='word_1_255' title='bbox 424 2946 473 2989; x_wconf 76' lang='lat' dir='ltr'><strong>roy.</strong></span> <span class='ocrx_word' id='word_1_256' title='bbox 494 2937 558 2978; x_wconf 79' lang='lat' dir='ltr'><strong>Rem.</strong></span> <span class='ocrx_word' id='word_1_257' title='bbox 613 2932 952 2986; x_wconf 72' lang='lat' dir='ltr'><strong>-2.ormundaec1&#39;uecuru,</strong></span> <span class='ocrx_word' id='word_1_258' title='bbox 969 2933 1041 2977; x_wconf 88' lang='lat' dir='ltr'><strong>ils’a-</strong></span> <span class='ocrx_word' id='word_1_259' title='bbox 1098 2963 1100 2996; x_wconf 45' lang='grc' dir='ltr'><strong>ἱ</strong></span> 
     </span>
    </p>
   </div>
   <div class='ocr_carea' id='block_1_5' title="bbox 134 2996 1040 3115">
    <p class='ocr_par' dir='ltr' id='par_1_7' title="bbox 134 2996 1040 3115">
     <span class='ocr_line' id='line_1_34' title="bbox 137 2996 1039 3053; baseline -0.003 -11"><span class='ocrx_word' id='word_1_260' title='bbox 137 3006 182 3044; x_wconf 80' lang='lat'><strong>109.</strong></span> <span class='ocrx_word' id='word_1_261' title='bbox 196 3022 222 3030; x_wconf 95' lang='lat'><em>-</em></span> <span class='ocrx_word' id='word_1_262' title='bbox 234 3004 265 3043; x_wconf 84' lang='lat' dir='ltr'><strong>ll.</strong></span> <span class='ocrx_word' id='word_1_263' title='bbox 281 3003 329 3050; x_wconf 84' lang='lat' dir='ltr'><strong>cut,</strong></span> <span class='ocrx_word' id='word_1_264' title='bbox 340 3010 388 3053; x_wconf 72' lang='lat' dir='ltr'><strong>roy.</strong></span> <span class='ocrx_word' id='word_1_265' title='bbox 396 2997 459 3039; x_wconf 81' lang='lat' dir='ltr'><strong>Hem.</strong></span> <span class='ocrx_word' id='word_1_266' title='bbox 472 3003 516 3049; x_wconf 75' lang='lat'><strong>¹⁸5,</strong></span> <span class='ocrx_word' id='word_1_267' title='bbox 528 3004 558 3040; x_wconf 78' lang='lat'><strong>2⁹.</strong></span> <span class='ocrx_word' id='word_1_268' title='bbox 613 2996 691 3049; x_wconf 81' lang='lat' dir='ltr'><strong>gissait</strong></span> <span class='ocrx_word' id='word_1_269' title='bbox 703 2997 729 3038; x_wconf 88' lang='lat' dir='ltr'><strong>de</strong></span> <span class='ocrx_word' id='word_1_270' title='bbox 741 2996 848 3051; x_wconf 74' lang='lat' dir='ltr'><strong>l&#39;equiper</strong></span> <span class='ocrx_word' id='word_1_271' title='bbox 857 3008 911 3051; x_wconf 91' lang='lat' dir='ltr'><strong>pour</strong></span> <span class='ocrx_word' id='word_1_272' title='bbox 921 2996 942 3038; x_wconf 87' lang='lat' dir='ltr'><strong>la</strong></span> <span class='ocrx_word' id='word_1_273' title='bbox 953 3008 1039 3050; x_wconf 81' lang='lat' dir='ltr'><strong>guerre.</strong></span> 
     </span>
     <span class='ocr_line' id='line_1_35' title="bbox 134 3058 1040 3115; baseline -0.003 -10"><span class='ocrx_word' id='word_1_274' title='bbox 134 3086 161 3093; x_wconf 98' lang='lat'><strong>--</strong></span> <span class='ocrx_word' id='word_1_275' title='bbox 172 3070 203 3105; x_wconf 80' lang='lat'><strong>12.</strong></span> <span class='ocrx_word' id='word_1_276' title='bbox 214 3061 368 3115; x_wconf 70' lang='lat' dir='ltr'><strong>triumphatis</strong></span> <span class='ocrx_word' id='word_1_277' title='bbox 378 3065 463 3111; x_wconf 80' lang='lat' dir='ltr'><strong>statua,</strong></span> <span class='ocrx_word' id='word_1_278' title='bbox 476 3072 560 3103; x_wconf 82' lang='lat' dir='ltr'><strong>cousu—</strong></span> <span class='ocrx_word' id='word_1_279' title='bbox 613 3064 664 3101; x_wconf 77' lang='grc'><strong>-3,</strong></span> <span class='ocrx_word' id='word_1_280' title='bbox 671 3071 767 3108; x_wconf 72' lang='lat' dir='ltr'><strong>nocuus,</strong></span> <span class='ocrx_word' id='word_1_281' title='bbox 774 3070 829 3113; x_wconf 89' lang='lat' dir='ltr'><strong>pour</strong></span> <span class='ocrx_word' id='word_1_282' title='bbox 835 3058 880 3102; x_wconf 79' lang='lat' dir='ltr'><strong>tetre</strong></span> <span class='ocrx_word' id='word_1_283' title='bbox 891 3058 963 3102; x_wconf 91' lang='lat' dir='ltr'><strong>moins</strong></span> <span class='ocrx_word' id='word_1_284' title='bbox 973 3060 1040 3113; x_wconf 77' lang='lat' dir='ltr'><strong>gtne¹;</strong></span> 
     </span>
    </p>
   </div>
   <div class='ocr_carea' id='block_1_6' title="bbox 135 3121 1042 3190">
    <p class='ocr_par' dir='ltr' id='par_1_8' title="bbox 135 3121 1042 3190">
     <span class='ocr_line' id='line_1_36' title="bbox 135 3121 1042 3190; baseline -0.015 -14"><span class='ocrx_word' id='word_1_285' title='bbox 135 3126 410 3190; x_wconf 54' lang='lat' dir='ltr'><strong>luriuuruccrculcffop.</strong></span> <span class='ocrx_word' id='word_1_286' title='bbox 424 3123 482 3179; x_wconf 63' lang='lat' dir='ltr'><strong>Olet.</strong></span> <span class='ocrx_word' id='word_1_287' title='bbox 503 3124 558 3179; x_wconf 66' lang='lat' dir='ltr'><strong>litat.</strong></span> <span class='ocrx_word' id='word_1_288' title='bbox 614 3122 708 3181; x_wconf 62' lang='lat' dir='ltr'><strong>caetras,</strong></span> <span class='ocrx_word' id='word_1_289' title='bbox 731 3133 761 3177; x_wconf 76' lang='lat' dir='ltr'><strong>se,</strong></span> <span class='ocrx_word' id='word_1_290' title='bbox 779 3121 993 3190; x_wconf 64' lang='lat' dir='ltr'><strong>proetorl&#39;tltlorllm,</strong></span> <span class='ocrx_word' id='word_1_291' title='bbox 1014 3144 1042 3153; x_wconf 89' lang='lat'><em>-</em></span> 
     </span>
    </p>
   </div>
   <div class='ocr_carea' id='block_1_7' title="bbox 0 0 1110 3392">
    <p class='ocr_par' dir='ltr' id='par_1_9' title="bbox 0 0 1110 3392">
     <span class='ocr_line' id='line_1_37' title="bbox 0 0 1110 3392; baseline 0 0"><span class='ocrx_word' id='word_1_292' title='bbox 0 0 1110 3392; x_wconf 95' lang='lat' dir='ltr'><strong> </strong></span> 
     </span>
    </p>
   </div>
  </div>
 </body>
</html>
