2209 3392
464 120 560 167 risen
581 122 603 165 ι.
943 112 979 167 59

78 236 155 309 tique
176 236 297 293 Romani
322 237 485 295 nominibus
510 236 626 306 relictis,
646 235 731 293 tertio
755 252 846 293 nonas
871 236 982 295 lannass

77 328 136 384 rias
155 325 286 382 Vitellio⁵
311 324 459 383 accessit:
485 325 573 382 scires
597 326 676 381 illum
699 325 792 397 priore
818 326 904 382 biduo
924 343 979 383 non

77 418 183 489 penes⁸
197 431 259 472 rem
277 415 416 488 publicam
431 416 680 472 inisse.1trdorem
695 414 870 473 exercituum
882 415 982 487 Agrip

77 496 223 578 pinenses,
249 505 374 575 Treveri,
396 504 539 579 Lingones
560 505 725 577 aequabant,
749 503 863 570 auxilia,
881 520 979 576 equos,

76 612 168 663 arma,
188 594 335 666 pecuniam
350 593 512 660 offerentes,
530 597 564 649 ut
580 594 701 667 quisque
720 610 848 666 corpore,
869 593 980 664 opibus,

77 683 211 757 ingeni0⁷
236 683 356 740 validus.
382 683 439 740 Nec
461 682 603 755 principes
625 683 710 739 modo
734 684 909 739 coloniarum
933 687 982 739 aut

76 778 250 841 castrorum,
265 772 370 847 quibus
382 772 533 845 praesentia
551 789 584 829 ex
605 771 733 828 affluenti
753 775 781 829 et
796 775 877 844 parta
890 772 980 829 victo-

77 860 122 916 ria
133 876 246 933 magnae
261 876 335 933 spes,
344 860 395 917 sed
408 860 545 931 manipuli
557 864 688 932 quoque⁸
700 862 729 916 et
735 859 886 932 gregarius
900 860 981 917 miles

79 949 182 1006 viatica
199 966 250 1005 sua
278 954 306 1006 et
329 950 438 1006 balteos
463 949 666 1022 phalerasque,
689 947 813 1022 insignia
836 965 981 1006 armorum

78 1042 200 1111 argento
217 1039 329 1110 decora,
344 1039 405 1096 loco
420 1038 545 1111 pecunia
560 1038 719 1106 tradebant,
733 1038 869 1095 instinctu
882 1043 911 1096 et
926 1039 982 1096 im-

79 1134 146 1201 petu
161 1132 190 1185 et
203 1128 348 1185 avaritia⁹.

114 1216 213 1274 LVlll.
237 1217 329 1290 lgitnr
349 1217 464 1274 laudata
477 1217 602 1274 militum
616 1216 762 1274 alacritate
775 1216 906 1273 Vitellius
925 1219 982 1274 mi-

79 1306 199 1363 nisteria
217 1306 409 1379 principatus¹
433 1322 484 1380 per
503 1306 622 1364 libertos
645 1305 691 1379 agi
711 1305 798 1362 solita
820 1306 849 1361 in
872 1307 981 1378 equites

79 1386 241 1453 Romanam
263 1395 398 1469 disponit,
419 1395 583 1452 vacationes
604 1395 819 1452 centurionibus
837 1411 872 1451 ex
896 1395 981 1453 lisco³

79 1487 223 1554 numerat,
239 1483 377 1540 saevitiam
390 1482 515 1539 militum
527 1483 695 1556 plerosque⁴
708 1484 743 1538 ad
757 1499 867 1555 poenam
880 1499 979 1555 expos·

78 1571 205 1628 centium
220 1571 324 1644 saepius
343 1572 490 1644 approbat,
507 1588 573 1628 raro
586 1571 769 1629 simulatione
784 1572 981 1629 vinculorum¹⁵

79 1662 246 1718 frustratur.
270 1660 423 1733 Pompeius
449 1661 632 1735 Propinquus
658 1667 828 1734 procurator
861 1662 980 1734 belgicae

78 1750 178 1807 statim
216 1750 414 1829 interiectus⁶;
450 1749 560 1806 lulium
602 1749 766 1805 Burdonem
807 1750 980 1805 Germanicae

77 1980 172 2037 qui'eme,
181 1979 201 2022 la
209 1980 328 2034 qninzi'ame
333 1985 354 2022 et
363 1979 488 2023 laseizieme
497 1993 502 2032 ;

77 2044 106 2088 ct.
120 2045 157 2088 cb.
168 2055 203 2085 nv.
215 2064 242 2073 -
256 2049 276 2085 5.
294 2042 361 2085 tertio
376 2043 466 2095 Nonae,
484 2042 503 2084 le

558 1984 580 2021 et
601 1978 659 2023 aussi
688 1992 727 2035 par
752 1980 841 2031 interim
865 1990 910 2032 car,
936 1980 982 2023 s’ils

558 2042 676 2087 donnaient
691 2043 809 2098 beaucoup,
820 2042 847 2085 ils
863 2043 982 2097 eaperaient

78 2104 202 2161 ajanvier3
226 2105 325 2156 Vitellio,
333 2116 382 2159 roy.
392 2105 456 2147 Rem.
470 2106 503 2157 ³2,

77 2181 102 2210 α.
115 2190 143 2199 —-
157 2171 177 2209 6.
197 2166 280 2217 scires,
301 2177 350 2221 vop.
373 2166 437 2208 Rem.
460 2170 502 2216 993

75 2231 161 2285 priore
180 2230 259 2280 biduo,
276 2228 331 2272 deux
348 2228 411 2283 jonre
431 2232 502 2278 arant,

78 2294 98 2334 le
120 2297 147 2333 1¹¹
165 2289 257 2345 Janvier,
277 2289 350 2344 quand
370 2289 411 2332 elle
425 2288 504 2343 pretait

76 2356 174 2396 serment
198 2362 225 2393 au
249 2353 310 2393 se'nat
335 2354 357 2393 et
379 2363 406 2393 au
428 2352 503 2404 penpte

78 2414 184 2465 Romaim
199 2425 279 2468 penes,
299 2414 328 2455 du
346 2414 394 2455 acta
408 2413 442 2465 de,
454 2425 502 2467 roy.

78 2479 144 2519 ilcan.
167 2480 201 2518 ⁶5.
224 2498 250 2506 -
281 2481 300 2519 7.
317 2474 421 2531 ingenio,
441 2473 503 2528 inge'-

78 2536 166 2580 niosite.
177 2560 204 2567 -
219 2544 238 2580 u.
250 2548 318 2579 nec...
329 2538 424 2579 modo...
436 2537 501 2577 seat„

77 2610 176 2651 quoque,
188 2610 235 2651 roy.
246 2598 310 2640 Rem.
323 2603 373 2648 tem
380 2598 502 2652 principes

77 2660 242 2710 catonianum,
266 2660 296 2702 les
319 2659 443 2713 decuriens,
466 2671 503 2712 par

77 2721 184 2776 exemplo,
210 2734 258 2775 aoy.
277 2722 335 2763 Dtot.
351 2721 413 2772 utam
431 2722 504 2773 pritt-

76 2786 143 2838 ca'pea
163 2790 313 2836 castrorum,
340 2782 439 2834 tribune,
457 2783 503 2837 pre·

77 2846 122 2888 lete
142 2846 170 2888 du
187 2856 257 2901 camp,
274 2850 328 2896 ete.;
342 2857 372 2888 em
385 2844 502 2899 affluenti,

77 2920 128 2963 vcy.
143 2908 206 2951 Rem.
224 2912 270 2952 147.
280 2930 307 2939 -
318 2914 338 2953 9.
348 2907 440 2949 viatico*
449 2918 502 2957 auu,

77 2970 127 3013 leur
136 2975 212 3023 argent
219 2971 245 3013 de
257 2969 338 3026 pocba;
348 2970 435 3012 bottaoa
444 2970 504 3023 pba-

77 3034 196 3085 terasque,
211 3044 258 3086 roy.
270 3032 330 3075 Dict.
344 3032 399 3075 bist.
413 3030 504 3073 -ιιιιί-

76 3095 146 3153 pitia,
164 3094 195 3137 les
206 3101 340 3149 ornements3
355 3100 375 3137 ct
392 3094 503 3148 avaritie,

558 2105 652 2147 receuoir
663 2105 791 2161 davantage.

585 2166 660 2210 LVllI.
674 2173 693 2211 t.
708 2168 846 2210 ministerio
852 2168 982 2221 paenaipa-

558 2228 981 2284 taedasatlranobisimperiauxavaient

557 2291 590 2331 tte
601 2290 712 2345 jusque-la
732 2291 819 2333 maitres
830 2292 867 2333 des
883 2292 981 2346 requetes

559 2350 698 2407 (plibotiis),
717 2351 841 2395 secretairee
852 2352 881 2394 du
898 2353 981 2397 cabinet

558 2414 654 2468 imperial
667 2413 705 2466 (ab
717 2415 843 2468 epistulis),
854 2414 946 2457 obeisda
960 2416 981 2459 la

557 2474 703 2529 comptabilitt
718 2475 893 2529 (procuratores
907 2488 922 2518 a
937 2489 980 2519 ra-

558 2537 679 2591 tionibus),
698 2542 739 2579 etc.
762 2537 896 2592 (Gantrelle).
915 2562 941 2569 -
959 2546 979 2581 2.

558 2599 643 2649 eqoitea
662 2599 787 2650 Romanoa,
807 2610 858 2641 sous
881 2600 912 2641 les
935 2611 982 2653 pre-

558 2660 624 2702 miere
641 2671 763 2714 emperenrs
783 2660 810 2703 ils
829 2661 926 2703 auraient
946 2674 979 2705 re-

558 2722 623 2775 gardo
636 2727 690 2765 cetto
707 2722 782 2765 lavaur
793 2735 873 2765 comme
889 2737 930 2767 une
945 2724 982 2767 in-

556 2784 611 2839 jure.
621 2806 648 2815 -
658 2789 678 2827 a.
690 2786 832 2833 uacationes,
842 2785 869 2828 ci.
880 2786 914 2828 cb.
921 2798 979 2836 χιιι,

558 2857 579 2887 n.
590 2848 615 2896 ‘¹3
628 2846 692 2897 flam,
702 2857 752 2899 roy.
768 2845 828 2888 niet.
844 2847 899 2888 bist.
919 2869 945 2877 —
959 2851 979 2889 t.

555 2907 722 2961 plorationem.
732 2908 797 2958 obv,
808 2920 829 2950 n.
839 2911 906 2951 tt-
917 2914 936 2951 t.
946 2909 980 2950 ei-

557 2969 687 3012 mutatione
699 2970 860 3022 uinculorum,
874 2983 926 3013 sous
933 2971 980 3025 pre-

559 3034 614 3072 texte
627 3031 652 3073 de
664 3031 694 3073 les
706 3035 782 3073 mettre
791 3042 818 3072 en
828 3032 909 3085 prison.
919 3056 945 3064 -
955 3038 977 3075 o.

558 3094 685 3148 Pompeius
704 3092 857 3146 Propinquus
886 3094 922 3147 (el.
944 3094 979 3137 cb.
