2209 3392
488 119 583 163 creua
604 119 626 163 1.
968 108 1005 164 69

102 232 210 289 bellum
237 231 362 290 Vindicis
386 234 509 292 revocati
534 252 566 291 ac
590 238 650 291 tum
680 234 709 291 in
739 234 820 292 ltalia
845 238 1004 305 manentes

102 321 242 378 instinctu
257 322 470 390 decurionum⁴‚
488 323 537 395 qui
558 323 679 379 Othonis
697 322 802 396 ignari,
825 322 939 379 Vitellio
955 322 1006 378 ob·

102 410 196 467 stricti
219 412 308 467 robur
327 411 539 467 adventantium
556 410 700 484 legionum
722 414 751 469 et
769 414 874 467 tamam
887 410 1007 467 Germa-

102 498 160 555 nici
172 500 313 556 exercitus
325 500 500 567 attollebant,
513 499 653 557 transiere
665 499 693 555 in
704 504 800 572 partes
813 504 842 557 et
854 504 886 556 ut
898 499 1006 555 donum

103 588 221 662 aliquod
245 606 318 647 novo
339 589 458 661 principi
481 588 646 645 firmissima
664 590 862 662 transpadanae
880 586 1006 661 regionis

104 677 259 750 municipia
267 678 457 734 Mediolanum
471 696 502 734 ae
509 679 661 736 Novariam
676 681 705 735 et
716 678 885 751 Eporediam
895 681 923 734 et
935 676 1006 733 Ver-

103 766 209 822 cellas⁵
239 766 401 838 adjunxere.
427 766 458 822 ld
483 767 600 824 Caecinae
619 783 669 840 per
700 766 796 839 ipsos⁶
817 769 1005 838 compertum.

105 855 141 909 Et
155 854 223 929 quia
243 855 373 926 praesidio
391 857 442 912 alae
454 856 540 915 unius
560 856 699 913 latissima
716 856 803 913 ltaliae
816 872 883 927 pars
895 855 1006 911 delendi

105 943 251 1016 nequibat,
263 942 419 1015 praemissis
431 944 577 1001 Gallorum
589 945 846 1017 Lusitanorumque
856 948 885 1001 et
898 944 1008 1000 Britan·

105 1048 209 1088 norum
241 1032 405 1089 cohortibus
436 1038 465 1089 et
494 1034 700 1089 Germanorum
731 1033 841 1090 vexillis
869 1049 934 1088 cum
962 1032 1007 1087 ala

107 1121 269 1189 Petriana⁷‚
303 1122 363 1193 ipse
390 1122 506 1194 paulum
534 1125 683 1178 cunctatus
710 1125 764 1188 ost,
794 1138 862 1177 num
895 1119 1007 1175 Raeticis

103 1208 182 1282 jugis
206 1208 235 1265 in
259 1210 394 1266 Noricum
414 1209 554 1267 flecterel⁸
573 1211 711 1267 adversus
734 1209 902 1266 Petronium
921 1208 1007 1264 Urbi-

106 1315 169 1355 cum
190 1303 413 1370 proouratorcm‚
433 1299 482 1372 qui
513 1299 632 1355 concitis
658 1298 770 1355 auxiliis
788 1302 817 1355 et
838 1296 1007 1368 interruptis

106 1388 256 1444 fluminum
269 1387 402 1459 pontibus
415 1387 489 1443 fidus
507 1388 611 1444 Othoni
627 1389 791 1460 putabatur.
807 1387 864 1444 Sed
878 1392 956 1442 metu
972 1402 1007 1441 ne

106 1476 251 1532 amitteret
259 1476 420 1548 praemissas
427 1475 486 1548 jam
496 1478 627 1533 cohortes
635 1478 760 1549 alasque,
776 1476 862 1532 simul
871 1479 1007 1546 reputans

104 1566 170 1638 plus
190 1564 305 1637 gloriae⁹
325 1567 435 1621 retenta
455 1564 545 1635 ltalia,
571 1568 600 1622 et
618 1565 788 1637 ubicumque
807 1567 947 1621 certaturn
966 1564 1008 1619 io·

105 1657 150 1712 ret
158 1660 191 1723 ¹⁰,
204 1653 322 1710 Noricos
330 1653 358 1709 in
371 1658 465 1711 cetera
475 1654 599 1711 victoriae
610 1654 726 1726 praemia
735 1669 877 1721 cessuros,
889 1650 1006 1708 Poenino

106 1743 208 1801 itinere
227 1741 434 1815 subsignanum
456 1742 576 1798 militem
595 1746 624 1797 et
642 1758 729 1814 grave
743 1741 889 1814 legionum
904 1755 1006 1811 agmen

105 1829 233 1886 hibernis
245 1830 336 1886 adhuc
349 1829 493 1900 Alpibus¹¹
511 1831 647 1886 tradunt.

142 1916 234 1972 LXXI.
257 1916 330 1973 Otho
348 1916 479 1973 interim¹
495 1921 595 1973 contra
616 1933 696 1987 spem
710 1916 839 1973 omnium
854 1932 911 1973 non
931 1915 1006 1972 deli-

104 2005 156 2062 ciis
181 2021 271 2078 neque
291 2004 401 2061 desidia
423 2009 604 2077 torpescere:
619 2004 714 2061 dilata
729 2005 900 2076 voluptates,
920 2004 1007 2061 dissi-

105 2094 215 2151 mulata
226 2092 338 2150 luxuria
350 2096 378 2149 et
393 2096 494 2150 cuncta
512 2094 548 2149 ad
565 2094 694 2149 decorem
713 2092 824 2165 imperii
838 2094 1006 2164 composita,

105 2199 197 2256 eoque
211 2183 275 2255 plus
291 2181 453 2238 formidinis
474 2182 630 2239 afferebant
651 2182 729 2238 lalsae
750 2181 872 2238 virtutes
888 2185 918 2239 ct
937 2182 1008 2237 vitia

583 2349 645 2392 llcm.
672 2356 718 2400 19⁸,
735 2353 767 2391 4⁸.
789 2372 816 2381 -
838 2356 870 2392 lo.
893 2353 1008 2394 certatum

582 2412 650 2462 soret,
670 2422 719 2465 roy.
739 2411 803 2454 laem.
824 2417 868 2459 lea.
882 2415 910 2453 ³⁰.
927 2435 953 2442 -
973 2419 1006 2456 11.

103 2376 132 2384 -
146 2355 167 2395 h.
178 2350 324 2400 decuriones,
337 2362 386 2405 roy.
401 2350 461 2392 Dict.
473 2350 528 2392 hist.

103 2437 132 2445 -
148 2419 168 2456 a.
187 2412 336 2465 firmissima,
354 2413 397 2453 tres
409 2411 458 2453 bien
470 2410 530 2454 torti-

105 2476 155 2525 lle's;
176 2475 335 2517 Mediolanum
353 2486 381 2516 nc
400 2474 530 2517 Novariam

104 2542 126 2580 ct
143 2538 287 2591 Eporediam
306 2541 327 2578 ct
342 2536 463 2587 Vercellae,
480 2547 529 2591 roy.

104 2601 169 2641 Rern.
180 2604 218 2643 lto
228 2603 248 2641 ct
260 2599 320 2642 Dict.
328 2598 383 2640 hiat.
392 2620 419 2629 —
430 2604 450 2642 t.
465 2598 530 2650 ipsos

104 2661 237 2715 (sitiones).
258 2681 283 2691 -
310 2666 328 2704 7.
356 2660 530 2703 Gennanornm

103 2723 207 2775 vcua'llc's
225 2722 356 2765 emet-dire
375 2722 421 2765 alla
437 2722 530 2765 Gemo-

103 2796 194 2827 norum
209 2784 381 2833 adultioribus.
403 2796 452 2837 roy.
470 2784 529 2827 Dict.

105 2846 170 2895 hiatu
178 2846 218 2889 olo
225 2845 345 2896 Petriana,
353 2857 400 2898 roy.
406 2845 466 2886 utet.
475 2844 529 2887 hist.

104 2931 131 2940 -
144 2914 163 2951 t.
181 2918 274 2949 num...
290 2909 395 2959 pecteret,
413 2905 447 2947 s’il
464 2917 489 2947 ne
508 2917 531 2948 so

105 2969 251 3011 de'lournerait
262 2980 333 3023 pas...
340 2980 345 3018 ;
352 2968 474 3020 Noricum,
482 2979 528 3022 roy.

106 3031 165 3073 Dicl.
174 3032 228 3073 hist.
236 3044 240 3081 ;
247 3031 405 3085 Raeticujupn
414 3042 462 3084 roy.
471 3030 529 3071 Dice.

106 3092 161 3134 hiel.
172 3115 199 3124 —
211 3099 231 3135 ⁹.
241 3093 296 3145 plus
308 3092 389 3146 ploriae
397 3091 472 3147 (sore),
481 3102 529 3145 roy.

583 2472 682 2514 Poenino
690 2473 784 2525 itincre,
792 2472 820 2514 cl.
831 2473 866 2514 ch.
877 2484 921 2523 nn,
935 2473 1008 2517 c'dtait

584 2535 604 2577 la
617 2540 677 2577 route
686 2545 728 2589 que
740 2533 845 2576 Vitellius
861 2534 890 2577 lui
902 2536 961 2577 aruit
971 2535 1008 2579 in-

583 2596 671 2651 diquto;
696 2596 871 2651 substentantem
894 2598 1006 2652 mititem,

583 2659 615 2700 les
633 2658 846 2713 1tgi0nnanos‚voy.
863 2660 923 2701 Diet.
941 2661 1006 2715 hictu

583 2726 610 2771 ct,
623 2721 764 2773 obst-Mire,
774 2732 822 2776 roy.
835 2722 898 2765 Rem.
912 2727 958 2770 17³,
971 2730 1005 2774 2⁰3

582 2794 652 2837 pram
673 2783 791 2838 teutonum
812 2796 902 2839 opmen,
928 2785 959 2827 les
980 2786 1008 2828 le'·

584 2845 648 2895 gions
658 2844 773 2887 trainaient
784 2858 834 2889 aroc
850 2847 903 2888 elles
914 2859 943 2889 un
960 2858 1007 2887 rm-

584 2906 645 2949 ttriel
659 2906 816 2958 considerable3
833 2910 933 2961 Alpibus
950 2908 1008 2961 (Ρω-

583 2969 724 3023 ηῑηίε),νογ.
736 2969 801 3012 nem.
817 2975 850 3013 ht.

610 3030 685 3072 LXXI.
701 3040 718 3074 l.
727 3028 1007 3082 interdmffacitorepreud

584 3092 604 3133 lo
615 3091 667 3134 re'cit
676 3092 700 3134 de
710 3104 735 3135 ee
744 3092 780 3147 qui
791 3093 842 3134 s'ost
851 3094 914 3146 passe'
923 3091 1009 3131 unone
