2209 3392
435 136 530 179 arvae
552 135 588 179 11.
905 122 958 180 157
1011 137 1068 171 a

58 247 233 307 contumelia
245 265 330 323 quam
342 266 359 307 a
370 249 453 306 laude
474 248 617 322 propius¹¹
634 247 721 305 luerit
740 250 805 319 post
815 246 961 305 Vitellium

59 338 136 410 eligi.
166 336 230 393 Non
256 337 392 395 adversus
417 338 474 394 divi
499 339 620 410 Augusti
646 336 815 393 acerrimam
836 341 961 394 mentem
1028 358 1072 387 .-

58 426 164 483 Tiberii
188 442 240 482 nee
262 426 399 483 adversus
420 426 615 484 cautissimam
634 429 820 497 senectutem,
838 442 873 482 ne
894 441 963 481 con·

59 520 105 574 tra
123 514 174 571 Gai
187 514 301 586 quidem
321 519 370 571 aut
385 514 495 571 Claudii
510 515 556 572 vel
570 514 692 571 Neronis
707 514 854 570 fundatam
876 514 962 585 longo

60 602 181 675 irnperio
195 604 311 658 domum
323 604 505 674 exsurgimus
514 624 521 672 ς
530 602 641 660 cessisti
649 603 735 659 etiam
748 602 842 659 Galbae
856 601 963 673 imagi·
1018 600 1042 608 ’

60 693 145 749 nibus
164 695 299 763 :torpere
320 692 396 747 ultra
410 695 438 748 et
455 691 639 763 polluendam
655 691 884 763 perdendamque
902 706 962 747 rem
1020 726 1034 769 ς
1045 754 1048 762 ,

61 778 925 854 publicamrelinquere¹²soporetignaviaviderctur‚etiam
938 779 963 835 si
1028 827 1033 843 ς
1064 767 1081 856 ⁷3

14 866 15 869 ’
62 868 124 937 tihi,
139 884 225 940 quam
237 866 397 937 inhonesta,
411 872 500 923 111111η
512 871 575 924 tuta
586 868 709 925 servitus
721 871 804 924 esset.
819 866 963 939 Abiitjam
1023 854 1031 934 s
1060 886 1086 934 g

63 961 91 1013 et
114 959 307 1012 transvectum
325 958 370 1012 est
398 962 522 1029 tempus,
549 972 606 1029 quo
626 972 726 1028 posses
749 955 839 1012 videri
858 971 963 1012 concu-

64 1044 168 1117 pisse¹⁴
183 1062 190 1101 :
202 1042 423 1115 confugiendum
431 1046 475 1101 est
489 1045 524 1101 ad
536 1044 697 1116 imperium.
711 1046 753 1099 An
764 1044 896 1101 excidit¹⁸
905 1048 963 1100 tru·

65 1133 174 1190 cidatus
184 1131 328 1188 Corbulo?
341 1131 558 1203 Splendidiore's
567 1132 679 1206 origine
692 1149 777 1205 quam
788 1149 841 1189 nos
853 1148 962 1197 sumus,

64 1223 165 1287 fateor,
182 1221 231 1277 sed
243 1224 272 1277 et
291 1218 366 1277 Nero
383 1221 531 1278 nobilitate
548 1221 687 1280 natalium
709 1221 853 1277 Vitellium
872 1220 965 1278 antei-

63 1310 150 1365 bat¹⁶.
167 1306 243 1364 Satis
257 1308 351 1364 clarus
365 1311 409 1363 est
423 1308 526 1380 apud¹⁷
537 1308 685 1365 timentem
696 1307 825 1381 quisquis
835 1309 963 1365 timetur.
1023 1311 1040 1331 ·’
1091 1267 1092 1340 ἦ

64 1402 126 1454 Et¹⁸
139 1412 222 1468 posse
237 1397 272 1452 ab
286 1396 412 1453 exercitu
428 1397 585 1470 principem
601 1398 662 1454 lieri
682 1397 737 1455 sihi
756 1398 816 1469 ipse
834 1396 965 1453 Vitellius

64 1487 245 1550 documento,
266 1483 352 1540 nullis
365 1484 524 1556 stipendiis,
540 1486 621 1543 nulla
632 1485 750 1542 militari
770 1485 856 1553 fama,
871 1486 965 1541 Galbae

64 1574 129 1630 odio
151 1575 312 1645 provectus.
335 1571 377 1628 Ne
401 1573 541 1630 Othonem
567 1574 682 1647 quidem
703 1573 783 1630 ducis
804 1576 894 1630 arte¹⁹
917 1576 967 1628 aut

64 1662 203 1720 exercilus
221 1660 260 1730 vi,
278 1662 328 1718 sed
343 1678 522 1733 praepropera
536 1662 625 1733 ipsius
640 1662 837 1733 desperatione
848 1661 965 1729 victum,

62 1752 123 1825 jam
145 1748 362 1805 desiderabilem
384 1753 414 1805 et
436 1765 573 1823 magnum
593 1748 750 1821 principem
773 1748 880 1820 tecit20,
902 1763 966 1803 cum

65 1836 181 1895 interim
194 1836 303 1908 spargit
315 1836 452 1909 legiones,
467 1841 593 1894 exarmat
602 1838 734 1894 cohortes
741 1841 776 1903 ²¹,
785 1853 858 1893 nova
865 1834 967 1892 cotidie

64 1929 140 1984 hello
158 1925 268 1983 semina
281 1924 436 1982 ministrat.
451 1923 564 1997 Siquid
583 1925 693 1982 ardoris
709 1941 741 1982 ae
760 1924 871 1982 leroeiae
886 1924 967 1981 miles

66 2015 177 2083 hahuit,
192 2012 304 2086 popinis
316 2018 344 2070 et
353 2012 603 2070 comissationibus
614 2018 643 2070 et
657 2012 793 2086 principis
808 2014 968 2070 imitatione

66 2107 236 2163 deteritur²²
253 2124 259 2158 :
274 2102 326 2159 tibi
346 2120 362 2159 e
375 2102 390 2159 J
395 2105 474 2161 udaea
484 2108 514 2160 et
528 2104 612 2160 Suria
626 2106 655 2161 et
667 2104 792 2177 AEgypto
811 2119 913 2160 novem
928 2103 969 2159 le-

66 2194 170 2265 giones
184 2191 314 2264 integrae,
334 2191 414 2247 nulla
427 2190 486 2248 acie
506 2191 660 2260 exhauste,
676 2207 732 2248 non
750 2190 891 2248 discordia
905 2207 970 2247 cor·
1061 2260 1066 2265 ,
1091 2259 1092 2262 ¹

64 2285 157 2353 ruptae
173 2280 222 2336 sed
237 2279 369 2337 firmatus
388 2296 443 2335 usu
458 2279 540 2335 miles
557 2283 586 2335 et
598 2279 663 2337 belli
676 2278 801 2336 domitor
814 2278 967 2347 externi²³3

67 2433 100 2469 11.
109 2422 213 2479 propius·
221 2421 302 2474 faerit,
310 2432 359 2475 vop.
369 2421 433 2465 Rem.
446 2429 490 2465 101.

65 2510 94 2519 -
110 2493 142 2529 la.
153 2484 295 2537 relinquere,
313 2482 327 2524 i.
338 2495 357 2525 e.
372 2482 492 2536 pessimis.

546 2443 573 2452 —
587 2427 618 2465 17.
634 2421 707 2475 apud,
722 2431 771 2475 roy.
783 2420 847 2463 Rem
861 2424 895 2468 oo.
909 2420 928 2471 s,
943 2441 969 2451 .-

549 2490 581 2527 111.
588 2483 624 2531 Et,
635 2482 670 2534 ici,
681 2492 801 2524 commoneo
810 2482 830 2525 le
842 2481 970 2535 developpe·

65 2570 93 2581 -
109 2550 142 2591 13.
149 2555 246 2599 quam...
254 2550 309 2597 tam,
316 2555 365 2596 roy.
375 2544 439 2585 Rem.
448 2547 493 2593 193,

68 2612 181 2656 1·.-14.
197 2608 255 2651 abiit
265 2608 319 2661 jem
337 2611 358 2648 et
375 2610 492 2648 transvec-

66 2678 119 2715 tam
138 2674 178 2723 eet,
196 2668 310 2723 gradation
330 2666 433 2711 iamiliere
454 2677 494 2708 aux

66 2740 179 2786 orateurs;
188 2746 232 2787 quo
238 2744 319 2787 possea
327 2732 404 2773 videre·
413 2740 495 2773 coneu-

65 2799 141 2851 pisee,
154 2794 231 2837 o-h-d.
252 2792 355 2836 autrefois
371 2797 393 2835 tu
406 2791 495 2847 pouvais

68 2864 90 2901 te
113 2861 226 2900 eontenter
246 2856 272 2898 de
291 2855 372 2899 desirer
391 2852 495 2908 l'empire,

67 2920 203 2963 mainrenant
219 2918 239 2960 le
249 2919 312 2961 trono
324 2922 356 2959 est
366 2916 448 2958 decenn
458 2921 495 2958 ton

68 2981 117 3025 seul
126 2980 237 3033 reinge-
247 2984 279 3022 lt.
288 2978 383 3028 coaddit,
392 2988 441 3019 s.·e.
450 2988 497 3019 me·

68 3042 185 3087 11101111.-
196 3047 227 3087 le.
237 3040 363 3086 natalium.
378 3039 401 3081 cl
415 3039 496 3089 lama,

70 3114 92 3148 n.
103 3110 130 3155 9;
144 3102 255 3156 areleitat,
269 3101 296 3145 ol.
307 3101 324 3156 l,
335 3112 431 3153 nxxxvrr,
443 3111 463 3142 n.
474 3105 494 3145 ⁹.

547 2548 607 2587 ment
615 2544 653 2586 des
664 2548 720 2586 mols
727 2548 865 2597 promptum
880 2542 968 2596 effectae.

547 2628 575 2636 -
586 2612 617 2649 19.
630 2605 698 2649 ducis
708 2610 767 2657 orte,
785 2605 860 2647 oea-d.
870 2605 971 2659 impera·

547 2669 708 2711 1011111111.-
718 2674 752 2711 20.
762 2668 825 2719 fecit.
838 2666 919 2715 Tacite.
931 2678 970 2721 per

549 2729 660 2771 recherche
678 2730 705 2773 de
724 2730 744 2772 le
759 2729 860 2781 brievete‘,
876 2740 889 2771 a
904 2728 970 2774 iondu

548 2792 603 2834 deux
612 2792 759 2845 propositions
769 2804 796 2835 en
808 2804 850 2834 nne
859 2791 926 2833 seule.
936 2791 971 2832 Ne

548 2853 659 2895 Othonem
668 2855 763 2906 quidem
779 2855 870 2905 eicit...
886 2852 971 2907 etjam

548 2915 725 2959 desiderabilem
735 2917 790 2970 fecit
798 2915 934 2969 tViteltiue).
945 2935 971 2944 -

548 2984 582 3019 al.
599 2979 702 3021 cohortes
719 2979 869 3032 (praetoriae),
887 2977 916 3019 cl.
935 2975 969 3017 eh.

549 3049 601 3081 amr.
612 3062 638 3070 -
647 3045 680 3083 22.
691 3040 811 3089 deteritur,
820 3050 868 3092 roy.
879 3038 943 3080 Rem.
949 3042 969 3077 a.

549 3120 576 3129 -
586 3104 619 3153 23.
632 3099 684 3143 betti
700 3100 801 3153 ecclerni,
816 3099 836 3141 la
852 3108 930 3153 guerre
946 3094 972 3137 do
