2209 3392
974 153 1161 198 [ABER
1199 153 1245 196 1.
1933 142 2009 196 85

274 265 567 323 LXXXVI.
602 266 872 341 Prodigia
902 267 1133 341 insuper
1169 269 1463 325 terrebant
1487 269 1727 326 diversis
1756 268 2010 326 auctori-

196 358 310 413 bus
348 357 585 429 vulgata
634 378 647 412 t

192 447 343 520 bigae
370 451 411 515 ¹,
451 446 541 501 cui
585 445 835 503 Victoria
876 444 1109 502 instite-

194 540 306 605 rat,
345 534 600 607 erupisse
639 536 782 591 cella
817 535 1108 591 Junonis³

195 626 475 697 majorem
529 626 782 680 humana
836 623 1104 695 speciem,

195 717 446 769 statuam
495 712 605 768 divi
641 711 780 768 Julii
820 712 878 766 in
921 710 1108 767 insula

195 800 448 857 Tiberini
484 800 670 857 amnis
695 816 897 857 sereno
926 805 983 857 et
1009 800 1110 857 im-

193 895 354 948 moto
410 889 500 945 die
558 891 630 946 ab
694 888 984 946 occidente
1049 887 1106 943 in

195 979 474 1036 orientem
522 994 859 1035 conversam
876 984 921 1049 ³,
967 994 1105 1050 pro-

194 1070 451 1125 locutum
492 1066 552 1124 in
599 1066 832 1124 Etruria
877 1068 1103 1133 bovem,

195 1158 459 1214 insolitos
502 1156 837 1213 animalium
880 1159 1102 1228 partuS,

193 1250 251 1303 et
273 1248 442 1318 plura
471 1246 582 1302 alia
610 1244 850 1302 rudibus
895 1246 1103 1302 seculis

194 1336 365 1392 etiam
423 1335 480 1390 in
539 1350 676 1406 pace
735 1335 1038 1391 observata
1055 1339 1098 1404 ⁴,

193 1441 321 1497 quae
367 1439 517 1479 nunc
567 1425 796 1480 tantum
843 1423 902 1478 in
945 1427 1102 1479 metu

193 1512 563 1570 audiuntur⁵.
616 1511 730 1568 Sed
780 1511 1102 1584 praecipuus

194 1606 252 1659 et·
281 1608 305 1640 ⁶
368 1618 499 1657 cum
586 1602 853 1673 praesenti
935 1600 1105 1658 exitio

193 1692 366 1747 etiam
432 1690 609 1746 futuri
675 1706 854 1761 pavor
915 1690 1106 1747 subita

191 1778 567 1837 inundatione
594 1779 835 1847 Tiberis,
868 1778 964 1850 qui
993 1778 1109 1834 im-

698 356 756 414 in
800 355 1081 413 vestibulo
1141 355 1403 430 Capitolii
1460 358 1703 414 omissas
1756 358 2009 413 habenas

1398 507 1578 583 ff
1600 507 1823 595 Ὗ.

1635 587 1743 651 ³2:¹³5
1759 607 1763 611 -

1334 623 1358 647 ΕΡ
1731 647 1735 655 Ι

1314 655 1330 679 ι·”’
1454 675 1474 687 1,.
1607 635 1659 715 {V
1725 671 1727 675 ·
1771 651 1779 667 '⁸

1322 715 1330 727 ε
1340 719 1366 739 '2¹
1374 723 1382 739 ,Ι
1398 739 1406 747 ι
1667 711 1679 727 .”

1437 1719 1632 1762 Victoire
1664 1719 1789 1762 ailee.

192 1883 393 1923 menso
424 1871 591 1924 auctu
618 1870 856 1939 proruto
883 1870 1054 1938 ponte
1089 1865 1366 1923 sublicio⁷
1404 1882 1467 1921 ac
1502 1869 1706 1939 strage
1732 1866 2011 1923 obstantis

192 1956 363 2013 molis
423 1957 650 2012 refusus
670 1962 713 2026 ⁸,
789 1972 903 2013 non
972 1955 1144 2013 modo
1201 1956 1449 2028 jacentia
1504 1960 1562 2013 et
1626 1956 1793 2028 plana
1852 1956 2011 2011 urbis

190 2046 336 2117 loca,
387 2046 487 2102 sed
527 2062 729 2103 secura
765 2046 890 2119 ejus
930 2044 1083 2101 modi
1131 2049 1407 2102 casuum⁹
1450 2045 1734 2118 implevit3
1789 2046 1935 2117 rapti
1979 2062 2009 2101 e

250 2265 487 2308 LXXXVI.
519 2272 553 2308 1.
594 2263 877 2308 vestibulum
902 2265 1047 2319 Capi-

193 2328 314 2379 tolii,
337 2339 434 2382 voy.
463 2328 579 2369 υἱοί.
601 2327 709 2369 hist.
736 2350 789 2358 —-
827 2328 1046 2379 omissas,

193 2389 356 2432 c.-a—d.
380 2388 563 2442 elapsas
581 2401 679 2431 csse
690 2390 784 2431 deoe
798 2390 1019 2433 manibus
1034 2402 1044 2441 ;

193 2451 326 2506 biyae,
343 2462 439 2504 voy.
458 2451 584 2492 Rem.
608 2455 673 2495 13.
687 2474 739 2481 —
754 2458 794 2494 2.
837 2452 1048 2504 erupisse

193 2514 312 2556 cella
356 2513 583 2564 Junom's,
619 2525 717 2567 voy.
760 2514 888 2556 Rem.
926 2517 979 2557 40
1006 2519 1048 2555 et

193 2576 314 2617 Dict.
369 2575 478 2615 hist.
522 2586 557 2617 s.
593 2586 636 2616 v.
673 2574 972 2628 Capitolium.
994 2597 1048 2605 —

195 2640 234 2678 3.
262 2636 497 2690 mafferem
535 2637 748 2678 humoena
770 2636 923 2690 specie
957 2640 1048 2677 sta-

192 2703 344 2748 tuam,
363 2697 425 2739 les
445 2697 620 2739 anciens
637 2698 827 2740 donneut
850 2697 1047 2751 touj0urs

193 2771 279 2802 aux
325 2758 538 2801 fantomes
580 2772 662 2802 une
728 2760 847 2802 taille
893 2759 1048 2802 surbu-

193 2822 352 2874 maine‚
365 2833 436 2864 car
452 2822 508 2864 ils
523 2822 585 2865 les
600 2822 872 2865 considerent
884 2833 1047 2864 comme

195 2884 273 2926 des
292 2884 497 2927 divinites
512 2884 640 2926 d'une
661 2884 849 2927 cet-taine
873 2884 1042 2938 espece;

194 2958 362 2988 sereno
381 2950 423 2988 ct
449 2947 644 2989 immolo
667 2947 756 2999 die,
792 2946 1044 3000 mutatque,

197 3008 288 3050 Oth
328 3007 395 3049 ch.
436 3020 498 3060 tv,
540 3017 637 3063 μήτι
665 3016 832 3062 σεισμοῦ·
853 3012 1047 3064 γιγονότος

198 3078 298 3124 μήτε
327 3074 564 3123 πνιύματοςς
595 3071 649 3112 in
673 3072 900 3113 orientem
936 3083 1046 3112 con-

196 3144 397 3183 versam,
427 3134 606 3188 presago
621 3145 673 3176 en
698 3133 846 3176 iaveur
873 3133 924 3176 de
940 3132 1047 3177 Ves-

1160 2264 1321 2321 pasien.
1362 2290 1417 2298 —
1463 2270 1503 2309 4.
1549 2267 1804 2319 observata,
1835 2268 1890 2311 cf.
1940 2268 2010 2311 ch.

1157 2338 1287 2378 xvm,
1308 2338 1350 2368 n.
1378 2334 1418 2369 2.
1439 2349 1492 2357 -
1525 2333 1563 2369 5.
1595 2328 1879 2379 audiuntur,
1905 2341 1959 2371 on
1988 2341 2011 2371 a

1158 2387 1253 2442 deja
1268 2400 1325 2430 vu
1341 2387 1427 2443 (ch.
1442 2400 1507 2440 111,
1520 2388 1658 2440 med.)
1673 2389 1713 2430 la
1732 2390 1943 2432 credulite
1969 2397 2013 2432 et

1159 2450 1198 2492 le
1220 2455 1385 2505 respect
1413 2462 1515 2492 avec
1540 2450 1728 2503 lesquels
1761 2450 1907 2493 Tacite
1942 2465 2010 2495 nc-

1157 2512 1311 2555 cueille
1332 2517 1431 2555 tous
1452 2513 1515 2555 les
1533 2514 1748 2567 pre'sages.
1783 2536 1836 2544 -
1864 2519 1903 2557 6.
1930 2517 2011 2557 sed

1155 2576 1432 2628 precipuus
1456 2576 1621 2628 (pavor
1656 2576 1793 2630 fuit„
1824 2583 1867 2619 ει
1899 2589 2011 2620 com-

1158 2648 1303 2681 mence
1324 2649 1405 2679 une
1429 2641 1545 2679 sorte
1574 2637 1625 2680 de
1650 2639 1900 2692 parenthese
1928 2652 1937 2682 :
1968 2645 2011 2682 et

1157 2698 1299 2742 c'etait
1323 2700 1347 2740 a
1368 2699 1408 2741 la
1429 2699 1513 2741 fois
1538 2712 1594 2741 un
1616 2699 1805 2744 desastre
1836 2704 2008 2755 present

1156 2767 1200 2804 et
1229 2773 1287 2803 un
1322 2762 1502 2816 presago
1536 2763 1712 2805 terribie
1748 2775 1858 2818 pour
1885 2764 2009 2805 l'ave-

1158 2822 1241 2866 nir.
1263 2833 1367 2869 —7.
1386 2828 1527 2877 ponte
1546 2824 1869 2879 sublicio,voy.
1888 2825 2007 2866 Dici.

1158 2886 1268 2927 hist.
1300 2908 1355 2917 —
1383 2892 1421 2930 8.
1459 2886 1605 2929 moles
1638 2885 1817 2939 designo
1866 2885 1921 2927 ici
1969 2886 2007 2925 la

1157 2945 1287 2999 digne
1298 2946 1457 2989 formes
1477 2960 1554 3002 par
1570 2948 1631 2990 ies
1646 2947 1789 2990 debris
1801 2947 1856 2990 du
1874 2953 1978 3001 pont
1994 2958 2005 2994 ς

1154 3009 1363 3060 refusus,
1380 3021 1473 3064 voy.
1497 3011 1621 3053 Rem.
1662 3017 1699 3059 ¹,
1722 3022 1761 3052 c.
1791 3033 1846 3041 —
1874 3016 1913 3052 9.
1935 3009 2010 3061 Ja-

1156 3072 1325 3121 cemia,
1356 3071 1418 3113 les
1432 3071 1653 3114 bas-fonds
1667 3072 1718 3114 de
1736 3072 1776 3114 la
1788 3071 1891 3113 ville
1904 3082 1916 3119 3
1930 3069 2011 3108 sed

1157 3132 1353 3187 (ctiam),
1388 3145 1483 3187 voy.
1524 3134 1651 3175 Rem.
1705 3136 1805 3182 1843
1841 3139 2015 3171 securo.
