2209 3392
465 153 559 201 ursan
580 158 614 201 11.
673 143 691 156 ”
935 150 986 209 151

89 266 295 339 largitionibus
328 268 436 325 allectae
465 269 524 342 jam
550 268 661 341 imperii
693 286 762 342 opes
791 272 953 332 sufficerent
966 280 988 341 ὓ,

89 357 234 429 amputari
244 356 391 431 legionum
401 357 628 431 auxiliorumque
637 376 771 418 numeres
782 367 792 399 ⁷
802 359 883 434 jubet
894 363 990 420 vetitis

88 446 322 520 supplememtis;
344 451 373 504 et
398 448 592 520 promiscuae⁸
614 448 763 507 missiones
787 451 988 512 offerebantur.

88 534 239 593 Exitiabile
264 536 293 592 id
320 536 361 592 rei
387 536 515 608 publicae,
536 536 682 610 ingratum
704 538 800 611 militi,
827 540 870 596 cui
890 542 987 597 eadem

87 625 189 681 munia
207 624 412 696 interpaucos⁹
430 626 611 698 periculaque
630 643 662 683 ac
680 627 760 685 labor
772 629 899 685 crebrius
911 630 990 685 redi-

87 717 174 783 bant3
202 717 231 770 ei
252 712 326 771 vires
350 715 419 771 luxu
445 716 710 787 corrumpebantur,
740 721 839 775 contra
864 722 988 775 veterem

88 801 268 874 disciplinam
298 805 328 858 et
350 799 483 859 instimta
509 802 659 876 majorum,
688 805 763 876 apud
787 821 860 877 quos
883 804 989 863 virtute

87 908 175 965 quarn
194 890 313 962 pecunia
325 906 372 948 res
383 891 510 948 Romana
523 890 626 949 melius
639 891 762 951 stetit¹⁰.

125 980 205 1035 LXX.
239 978 306 1037 lnde
334 979 465 1037 Vitellius
492 979 663 1037 Cremonam
687 980 783 1037 flexit¹
811 986 840 1038 et
862 986 988 1056 spectato

86 1083 207 1125 munere
235 1066 368 1124 Caecinae¹
394 1068 528 1125 insistere
556 1068 794 1126 Bedriacensibus
822 1070 929 1144 campis
957 1088 989 1127 ac

86 1156 209 1229 vestigia
237 1156 358 1213 recentis
390 1156 516 1215 victoriae
545 1157 670 1215 lustrare
697 1158 788 1214 oculis
817 1158 987 1231 concupivit,

86 1246 194 1303 soedum
213 1248 299 1317 atque
313 1248 394 1302 atrox
413 1246 616 1318 spectaculum.
638 1244 717 1302 Intra
737 1245 987 1319 quadragesimum

85 1352 191 1408 pugnae
210 1333 285 1391 diem
296 1334 523 1406 laceracorpora,
537 1334 631 1392 trunci
644 1338 734 1405 artus,
750 1339 848 1409 putres
859 1335 987 1392 virorum

85 1438 284 1496 equorumque
297 1422 405 1493 formae,
423 1422 526 1480 inlecta
538 1425 624 1480 tab0³
636 1424 751 1494 humus,
763 1423 891 1496 protritis
903 1425 988 1481 arbo·

85 1512 168 1568 ribus
186 1528 218 1568 ae
237 1511 367 1583 frugibus
388 1511 449 1567 dira
469 1511 599 1568 vastitas.
619 1510 677 1567 Nec
698 1511 793 1568 minus
814 1512 987 1570 inhumana⁴

84 1618 153 1673 pars
170 1599 233 1669 viae,
254 1616 340 1673 quam
360 1599 566 1657 Cremonenses
580 1602 663 1657 lauru
680 1617 802 1673 rosaque
820 1605 988 1659 constrave-

85 1693 162 1758 rant‚
191 1688 328 1746 extructis
350 1688 488 1746 altaribus
512 1690 650 1763 caesisque
672 1690 796 1747 victimis
822 1690 935 1763 regium
957 1691 985 1747 in

86 1782 230 1846 rnorem⁵;
250 1794 316 1849 ,quae
342 1778 408 1833 laeta
429 1777 458 1833 in
484 1793 610 1850 presens
634 1794 699 1835 mcx
722 1778 876 1851 perniciem
891 1782 904 1817 θ
917 1778 987 1850 ipsis

86 1864 188 1922 iecere.
203 1866 326 1923 Aderant
337 1864 478 1947 Valenset
493 1864 604 1923 Caecina
617 1868 871 1939 monstrabantque
883 1884 986 1939 pugnae

86 1953 165 2010 locos
189 1971 196 2008 :
226 1953 292 2010 hinc
314 1954 451 2027 irrupisse
473 1955 619 2027 legionum
647 1971 760 2027 agmen,
782 1954 848 2011 hinc
876 1956 986 2028 equites

85 2140 206 2195 pronoucee
215 2143 289 2181 contre
298 2138 374 2190 Galba,
383 2139 411 2182 ct.
421 2141 438 2191 Ι,
448 2152 507 2191 cvn;

84 2202 173 2246 inania
184 2200 238 2243 beiti
249 2200 409 2256 (replicarem
421 2207 443 2245 et
453 2206 507 2257 145),

84 2274 167 2305 comme
177 2274 206 2304 un
218 2263 267 2305 rain
282 2262 375 2317 appareil
391 2263 416 2305 de
433 2274 509 2317 guerre

84 2324 212 2378 (Gaulrella)
220 2338 225 2376 3
234 2324 285 2367 elles
297 2324 448 2377 grossissaient
459 2325 509 2367 sinr-

84 2388 180 2443 plemeut
198 2386 218 2428 le
239 2386 327 2429 nombre
345 2386 383 2429 des
403 2387 510 2442 partisaus

84 2452 110 2493 de
120 2448 232 2492 Vitellius.
240 2472 266 2480 -
278 2454 297 2491 t.
311 2449 452 2501 eeterammt.
463 2460 508 2502 cvr,

84 2526 106 2556 n.
127 2518 154 2562 l;
173 2511 347 2565 impertituros,
368 2511 399 2554 les
416 2511 509 2554 tinauces

84 2572 219 2627 imperialem
234 2572 342 2625 sufficere
351 2577 383 2615 est
393 2572 438 2628 pris
448 2573 509 2615 abso-

83 2634 204 2677 lumeut.-
211 2639 231 2676 7.
244 2646 364 2687 numeres,
371 2636 401 2677 les
410 2634 508 2677 ellectiis.

83 2702 136 2739 -8,
146 2696 295 2749 promiscua,
306 2708 356 2739 sans
368 2697 508 2740 restrictions.

83 2782 111 2791 -·
127 2764 147 2803 9.
162 2758 224 2801 inter
237 2770 333 2812 peuces,
349 2778 374 2797 =
388 2772 442 2803 cum
449 2771 509 2813 pate

83 2820 159 2863 ciores
178 2825 260 2872 essent,
277 2821 305 2863 el.
324 2821 339 2873 l,
359 2833 374 2872 1,
396 2832 418 2863 n.
434 2826 465 2865 lt.
482 2844 509 2852 -

85 2889 118 2928 ro.
130 2882 216 2925 metius
232 2884 301 2936 stetit,
311 2883 427 2925 recherche
444 2882 470 2925 de
486 2882 508 2925 la

84 2945 188 2999 brienum
208 2945 229 2987 la
257 2944 332 2997 phrase
351 2945 454 2999 complete
474 2957 508 2988 se-

84 3006 126 3049 rait
143 3017 148 3047 :
166 3006 232 3061 apud
252 3018 309 3058 quos
326 3007 411 3049 virture
426 3008 506 3061 potius

83 3078 155 3120 quam
172 3068 275 3121 pecunia
291 3068 395 3111 subnixa
410 3080 448 3111 res
461 3069 505 3110 Ro·

82 3139 157 3175 muca
164 3130 249 3173 melius
261 3131 321 3173 stetit
330 3130 441 3191 (Hermus).

589 2140 655 2183 LXX.
675 2148 693 2185 1.
713 2141 776 2192 Inde,
794 2140 820 2182 de
833 2141 898 2184 Paria
915 2140 987 2196 (Tiei-

561 2202 646 2256 nam);
666 2203 732 2256 limat
757 2203 813 2257 (roy.
833 2202 900 2245 Rem.
930 2204 985 2259 159),

563 2275 625 2319 parca
636 2264 687 2319 qn’il
700 2275 763 2317 passa
779 2275 818 2318 par
832 2264 852 2306 la
864 2264 913 2306 reis
930 2266 986 2307 Pos-

563 2327 646 2376 tumia.
663 2338 690 2368 au
709 2326 752 2368 lieu
771 2324 797 2367 de
807 2326 898 2379 prendre
907 2325 928 2368 la
937 2326 985 2369 roie

563 2388 671 2439 AEmr'tia,
691 2392 753 2430 route
778 2386 858 2429 directe
883 2399 937 2441 pour
961 2398 985 2430 sc

563 2449 657 2492 rendre'a
669 2450 743 2500 Reme,
756 2461 781 2491 eu
792 2453 881 2503 passant
889 2461 928 2504 par
939 2452 985 2492 Bo-

562 2512 645 2553 nonia.
655 2534 682 2541 —
691 2517 712 2554 2.
727 2522 824 2553 munere
842 2511 945 2562 Cremna,
964 2512 985 2554 le

562 2573 647 2615 combat
662 2572 699 2615 des
717 2572 851 2626 gladiateurs
872 2572 934 2615 offert
946 2586 985 2629 par

563 2634 654 2684 Caelum
672 2645 711 2677 sur
720 2634 740 2676 le
750 2645 799 2677 sens
811 2634 837 2676 de
845 2646 943 2687 manua,
954 2635 983 2679 cl.

563 2698 620 2739 Dict.
630 2697 722 2738 biat.—
738 2700 758 2739 ³.
772 2697 863 2748 fornae,
876 2708 905 2739 on
917 2709 984 2750 sange

563 2757 763 2801 involentairement
786 2770 826 2801 aux
849 2758 983 2813 expressions

562 2821 683 2865 deBossuet
693 2833 698 2864 ε
709 2836 718 2858 ι
730 2833 757 2863 uu
764 2822 786 2877 je
796 2834 822 2863 no
831 2820 875 2863 sais
885 2822 935 2876 quoi
945 2820 982 2875 qui

562 2883 595 2925 n’a
607 2884 656 2938 plus
672 2884 698 2925 de
713 2895 762 2925 nom
778 2883 832 2926 dans
843 2895 923 2925 aucune
938 2882 983 2924 lau-

561 2956 602 2997 gue
615 2958 639 2995 »3
658 2946 719 2996 labo,
731 2957 780 3000 rep.
796 2946 861 2987 Rern.
880 2951 898 2998 r,
916 2956 935 2986 e.
955 2964 982 2973 -

560 3010 581 3048 4.
593 3006 736 3058 taliumque,
747 3007 859 3049 resultant.
872 3029 899 3038 -
910 3010 931 3046 5.
946 3015 983 3044 re·

559 3068 626 3121 pium
635 3069 662 3109 in
671 3080 767 3120 meren,
774 3080 853 3111 comme
860 3068 905 3110 cela
912 3076 935 3107 se
945 3063 983 3104 fair

561 3129 610 3171 chez
618 3129 649 3173 les
657 3130 763 3191 desperes.
773 3154 800 3162 -
807 3136 827 3175 t.
835 3140 893 3173 mox
899 3124 984 3186 pomi·
