2209 3392
900 152 1084 200 LIEER
1133 156 1173 200 1.
1857 148 1929 200 ΞΒ

128 288 364 344 ignarae
416 268 752 324 militarium
784 268 1102 324 animorum
1129 268 1465 340 consiliique
1497 272 1753 344 quamvis.
1777 288 1933 344 egre*

127 360 228 433 gii,
264 360 424 432 quod
462 376 578 416 non
622 360 740 430 ipse
779 360 1024 428 afferrat,
1065 356 1333 413 inimiculi
1381 364 1437 414 at
1477 356 1749 416 adversus
1765 364 1813 400 ¹*
1839 380 1933 432 pe*

127 450 269 504 ritos
309 447 592 519 pervicax.

190 537 418 594 xxvil.
464 536 675 593 Octavo
717 536 936 593 decimo
990 535 1274 592 Kalendas
1320 535 1656 593 Februarias
1709 537 1933 594 sacrifi-

125 626 278 684 canti
331 641 432 698 pro
493 625 611 680 aede
657 622 966 696 Apollinis¹
1025 622 1216 679 Galbae
1270 623 1549 695 haruspex
1610 623 1930 682 Umbricius

126 714 315 772 tristia
348 717 478 771 exta
509 716 566 772 et
594 711 876 768 instantes
911 711 1146 768 insidias
1185 729 1248 769 ac
1290 712 1665 769 domesticum
1708 715 1928 770 hostem

127 801 438 878 praedicit³‚
486 801 750 858 audiente
807 801 1029 857 Othone
1070 801 1221 874 (nam
1269 802 1561 873 proximus
1612 802 1928 875 adstiterat)

126 892 298 964 idque
324 894 389 946 ut
417 890 607 946 laetum
636 904 668 944 e
696 888 981 945 contrario
1001 894 1026 927 ³
1051 893 1110 946 et
1139 888 1259 946 suis
1286 890 1731 963 cogitationibus
1760 908 1932 964 pros-

126 996 331 1052 perum
360 978 786 1050 interpretante.
818 976 934 1034 Nec
953 977 1138 1034 multo
1166 983 1297 1049 post
1322 978 1560 1036 libertus
1582 979 1928 1036 Onomastus

126 1062 358 1124 nuntiat
397 1066 703 1138 exspectari
750 1081 881 1122 eum
922 1067 992 1122 ab
1029 1065 1337 1123 architecto
1367 1071 1424 1123 et
1455 1068 1923 1140 redemptoribuS,

125 1173 255 1229 quae
299 1154 640 1228 significatio
669 1154 997 1211 coeuntium
1022 1154 1142 1226 jam
1179 1154 1428 1212 militum
1457 1159 1515 1213 et
1550 1160 1760 1228 paratae
1790 1173 1931 1212 con-

125 1244 429 1318 jurationis
453 1246 847 1300 convenerat⁴.
875 1243 1046 1312 Otho,
1072 1259 1301 1300 causam
1328 1243 1624 1322 digressus
1643 1245 1929 1318 requiren-

125 1334 297 1402 tibus,
315 1348 448 1388 cum
466 1332 576 1389 emi
593 1331 701 1387 sibi
722 1330 932 1402 praedia
946 1333 1231 1388 vetustate
1247 1337 1510 1405 suspecta
1531 1349 1709 1406 eoque
1724 1339 1746 1372 ⁸
1768 1333 1927 1406 prius

123 1420 471 1493 exploranda
532 1419 823 1488 finxisset,
877 1418 1108 1475 innixus
1154 1419 1355 1476 liberto
1419 1436 1520 1492 per
1571 1421 1927 1480 Tiberianam

123 1508 358 1564 domum
409 1507 467 1561 in
514 1506 840 1570 Velabrum,
878 1505 1010 1562 inde
1048 1505 1119 1561 ad
1157 1505 1490 1563 milliarium
1541 1525 1777 1565 aureum
1820 1512 1926 1566 sub

123 1597 302 1653 aedem
337 1595 613 1652 Saturni⁶
642 1595 848 1667 pergit.
899 1593 981 1650 lbi
1029 1599 1149 1652 tres
1194 1600 1251 1652 et
1298 1596 1503 1669 viginti
1545 1598 1927 1669 speculatores

123 1686 547 1741 consalutatum
576 1683 977 1755 imperatorem
1008 1700 1070 1739 ac
1102 1684 1386 1756 paucitate
1414 1686 1788 1743 salutantium
1814 1691 1927 1745 tre-

121 1773 320 1846 pidum
331 1776 390 1829 et
405 1772 557 1829 sellae
575 1772 909 1828 festinanter
935 1771 1263 1844 impositum
1290 1772 1501 1830 strictis
1527 1774 1924 1832 mucronibus⁷

120 1861 385 1935 rapiunt3
430 1861 666 1917 totidem
711 1860 889 1916 ferme
924 1859 1137 1916 milites
1178 1860 1235 1916 in
1274 1861 1477 1918 itinere
1515 1868 1922 1935 aggregantur,

119 1949 216 2008 alii
274 1949 639 2014 conscientia,
701 1947 957 2021 plerique
1010 1947 1339 2018 miraculoS,
1388 1967 1521 2021 pars
1572 1951 1819 2008 clamore
1870 1956 1927 2008 ct

118 2039 404 2112 gaudiis⁹‚
432 2054 564 2108 pars
588 2036 838 2100 silentio,
868 2036 1121 2093 animum
1150 2055 1217 2094 ex
1244 2042 1447 2095 eventu
1481 2039 1843 2111 sumpturiw.

189 2125 439 2183 XXVIII.
479 2126 792 2182 Stationem
835 2125 894 2181 in
937 2125 1138 2182 castris
1178 2127 1383 2199 agebat
1426 2127 1615 2184 Julius
1654 2127 1925 2185 Martialis

118 2325 288 2374 illusit,
332 2334 461 2364 vana
515 2333 613 2364 esse
661 2321 871 2364 ostendit.
918 2343 973 2353 -

121 2394 183 2429 10.
205 2389 455 2436 adversus,
491 2396 588 2438 voy.
610 2383 738 2426 Rem.
762 2390 828 2427 57.

171 2447 357 2490 XXVH.
389 2452 427 2489 1.
463 2445 632 2487 Οσιαυο
660 2445 837 2486 docimo
861 2444 968 2490 Kal.

117 2511 271 2561 Febr„
319 2509 359 2550 le
403 2512 449 2551 15
491 2506 684 2562 janvien
736 2505 971 2559 Apollinis

117 2568 385 2622 (Palatini).
411 2591 466 2600 —
495 2575 534 2611 2.
556 2569 748 2619 hostem,
771 2567 967 2630 l’ennemi

117 2634 168 2675 de
190 2634 446 2686 l'empereur
466 2631 600 2672 l’etait
617 2630 731 2672 aussi
753 2630 803 2672 de
820 2630 967 2682 l’Etat;

115 2694 353 2746 praedicit,
387 2704 484 2747 voy.
527 2695 654 2743 Rem.
696 2698 790 2743 202,
832 2699 888 2734 1⁰.
915 2715 969 2724 -

116 2761 154 2798 3.
189 2768 212 2798 e
228 2755 495 2804 contrario,
530 2767 626 2808 voy.
651 2754 774 2795 Rem.
802 2757 892 2795 147.
915 2776 970 2785 -

115 2824 156 2859 4.
168 2821 453 2859 convenerat
468 2816 655 2868 (Othoni
668 2827 776 2857 cum
791 2815 969 2868 sociis),

116 2879 295 2934 emploi,
320 2889 426 2920 sous
453 2878 492 2920 la
523 2879 658 2920 forme
681 2878 966 2933 personnelle,

117 2941 168 2982 de
200 2942 406 2995 l'impers.
428 2941 656 2983 convenit.
686 2945 794 2982 -5.
815 2940 970 2993 requi-

116 3004 334 3045 rentibus
353 3002 702 3055 (quibusdam),
717 3014 813 3056 voy.
838 3001 966 3044 Rem.

121 3070 216 3115 ¹⁶25,
243 3076 296 3115 a;
321 3064 416 3106 emi
447 3066 555 3118 eibi,
590 3076 688 3119 roy.
727 3064 853 3106 Rem.
882 3067 930 3105 ³4
954 3076 964 3114 ;

118 3138 277 3180 eoque,
307 3126 363 3169 cf.
393 3125 460 3168 ch.
479 3139 572 3179 1111,
594 3137 637 3168 n.
671 3134 806 3171 11.-
826 3132 865 3170 6.
898 3127 966 3168 Ti-

1079 2321 1330 2366 berianam
1366 2324 1573 2374 domum,
1614 2335 1689 2366 sur
1723 2323 1762 2366 le
1804 2329 1923 2368 mont

1078 2383 1263 2433 Palatia,
1280 2397 1375 2438 voy.
1399 2391 1520 2427 notre
1540 2385 1662 2427 Plan
1686 2385 1736 2426 de
1755 2386 1887 2427 Rome
1910 2399 1921 2438 ς

1087 2447 1349 2497 Velabrum,
1378 2447 1668 2489 milliarium
1705 2459 1923 2499 aureum,

1076 2508 1221 2548 &dem
1239 2507 1451 2558 Saturni,
1467 2518 1565 2561 voy.
1597 2507 1715 2549 Dicl.
1742 2508 1849 2551 hiet.
1869 2532 1925 2540 —

1079 2573 1119 2610 7.
1138 2568 1321 2610 strictis
1339 2569 1662 2619 mucronibus,
1680 2569 1792 2624 poet.
1816 2582 1924 2626 pour

1076 2635 1162 2672 alr.
1185 2630 1375 2686 yladiis.
1413 2653 1468 2662 —
1504 2637 1542 2674 8.
1564 2632 1793 2686 plerique,
1824 2646 1922 2689 roy.

1077 2691 1145 2734 ch.
1173 2703 1217 2743 v,
1243 2704 1284 2735 n.
1315 2695 1385 2743 143
1429 2692 1682 2746 miraculo,
1723 2706 1802 2748 par
1846 2706 1925 2737 cu-

1077 2753 1241 2805 riosite‚
1271 2766 1342 2797 car
1367 2755 1405 2796 le
1430 2756 1640 2811 spectacle
1667 2757 1774 2800 etait
1806 2757 1924 2800 vrai-

1078 2822 1195 2859 ment
1217 2817 1568 2861 extraordinaire.
1585 2841 1637 2850 -
1652 2825 1692 2862 9.
1719 2820 1925 2862 clamore

1077 2883 1118 2920 et
1140 2880 1356 2933 madiis,
1382 2891 1486 2923 avec
1520 2880 1594 2923 des
1627 2881 1711 2923 cris
1736 2883 1788 2924 de
1808 2882 1919 2937 joie;

1076 2951 1175 2992 roy.
1202 2941 1324 2984 Rem.
1350 2949 1445 2994 202,
1468 2949 1526 2985 2⁶.
1548 2966 1603 2974 —
1622 2949 1683 2986 10.
1715 2955 1790 2996 ex,
1822 2956 1917 2998 voy.

1075 3002 1203 3045 Rem.
1252 3009 1297 3047 71
1321 3016 1332 3054 ;
1373 3005 1640 3050 animum...
1681 3005 1922 3059 sumpturi

1076 3080 1128 3100 =
1155 3065 1411 3108 concilium
1431 3068 1647 3120 capturi,·
1669 3079 1767 3123 voy.
1788 3068 1917 3110 Rem.

1078 3130 1170 3170 124.
